,FXCM Time,FXCM Bid,FXCM Ask,FxPro Time,FxPro bidopen,FxPro askopen
0,2022-03-28 04:14:58.382000,14696.81,14698.71,2022-03-28 07:14:59.297,14699.24,14700.74
1,2022-03-28 04:21:38.211000,14700.22,14702.12,2022-03-28 07:21:39.033,14702.24,14703.74
2,2022-03-28 04:52:37.952000,14697.31,14699.21,2022-03-28 07:52:38.072,14699.49,14700.99
3,2022-03-28 04:55:02.838000,14700.31,14702.21,2022-03-28 07:55:04.324,14702.24,14703.74
4,2022-03-28 05:01:43.484000,14697.16,14699.06,2022-03-28 08:01:44.337,14699.09,14700.59
5,2022-03-28 05:01:43.484000,14697.16,14699.06,2022-03-28 08:01:46.989,14699.09,14700.59
6,2022-03-28 05:01:47.997000,14695.72,14697.62,2022-03-28 08:01:48.189,14698.34,14699.84
7,2022-03-28 05:01:50.748000,14695.79,14697.69,2022-03-28 08:01:51.023,14698.49,14699.99
8,2022-03-28 05:01:54.774000,14695.81,14697.71,2022-03-28 08:01:54.858,14698.09,14699.59
9,2022-03-28 05:01:56.819000,14696.06,14697.96,2022-03-28 08:01:57.135,14698.34,14699.84
10,2022-03-28 05:01:58.986000,14696.1,14698.0,2022-03-28 08:01:59.008,14698.59,14700.09
11,2022-03-28 05:02:01,14695.56,14697.46,2022-03-28 08:02:01.257,14698.09,14699.59
12,2022-03-28 05:02:03.047000,14695.89,14697.79,2022-03-28 08:02:03.350,14698.34,14699.84
13,2022-03-28 05:02:04.744000,14696.22,14698.12,2022-03-28 08:02:05.142,14698.49,14699.99
14,2022-03-28 05:02:07.474000,14695.47,14697.37,2022-03-28 08:02:07.608,14698.24,14699.74
15,2022-03-28 05:02:09.499000,14695.1,14697.0,2022-03-28 08:02:09.543,14697.74,14699.24
16,2022-03-28 05:02:11.266000,14695.1,14697.0,2022-03-28 08:02:11.800,14698.49,14699.99
17,2022-03-28 05:02:13.842000,14695.6,14697.5,2022-03-28 08:02:13.917,14698.49,14699.99
18,2022-03-28 05:02:13.842000,14695.6,14697.5,2022-03-28 08:02:16.304,14698.49,14699.99
19,2022-03-28 05:02:16.091000,14695.47,14697.37,2022-03-28 08:02:18.365,14698.49,14699.99
20,2022-03-28 05:02:20.426000,14695.56,14697.46,2022-03-28 08:02:20.571,14698.49,14699.99
21,2022-03-28 05:02:21.445000,14695.6,14697.5,2022-03-28 08:02:21.514,14698.49,14699.99
22,2022-03-28 05:02:24.041000,14694.97,14696.87,2022-03-28 08:02:24.855,14697.49,14698.99
23,2022-03-28 05:02:26.913000,14694.62,14696.52,2022-03-28 08:02:26.990,14697.24,14698.74
24,2022-03-28 05:02:27.511000,14694.57,14696.47,2022-03-28 08:02:28.964,14697.49,14698.99
25,2022-03-28 05:02:30.801000,14695.39,14697.29,2022-03-28 08:02:30.865,14697.99,14699.49
26,2022-03-28 05:02:32.635000,14695.1,14697.0,2022-03-28 08:02:33.267,14697.74,14699.24
27,2022-03-28 05:02:34.754000,14695.07,14696.97,2022-03-28 08:02:35.446,14697.99,14699.49
28,2022-03-28 05:02:37.227000,14695.07,14696.97,2022-03-28 08:02:37.250,14697.74,14699.24
29,2022-03-28 05:02:39.437000,14694.97,14696.87,2022-03-28 08:02:39.499,14697.74,14699.24
30,2022-03-28 05:02:41.965000,14694.8,14696.7,2022-03-28 08:02:42.076,14697.74,14699.24
31,2022-03-28 05:02:43.753000,14694.85,14696.75,2022-03-28 08:02:43.812,14697.49,14698.99
32,2022-03-28 05:02:45.497000,14694.85,14696.75,2022-03-28 08:02:46.412,14697.49,14698.99
33,2022-03-28 05:02:47.198000,14694.85,14696.75,2022-03-28 08:02:48.328,14697.49,14698.99
34,2022-03-28 05:02:50.442000,14694.82,14696.72,2022-03-28 08:02:51.010,14697.49,14698.99
35,2022-03-28 05:02:52.774000,14694.44,14696.34,2022-03-28 08:02:52.851,14697.24,14698.74
36,2022-03-28 05:02:54.614000,14694.72,14696.62,2022-03-28 08:02:55.157,14697.49,14698.99
37,2022-03-28 05:02:56.711000,14694.72,14696.62,2022-03-28 08:02:57.269,14697.49,14698.99
38,2022-03-28 05:02:58.049000,14694.92,14696.82,2022-03-28 08:02:59.813,14697.49,14698.99
39,2022-03-28 05:03:01.266000,14694.95,14696.85,2022-03-28 08:03:01.797,14697.49,14698.99
40,2022-03-28 05:03:03.971000,14694.86,14696.76,2022-03-28 08:03:03.997,14697.49,14698.99
41,2022-03-28 05:03:05.152000,14694.66,14696.56,2022-03-28 08:03:05.976,14697.24,14698.74
42,2022-03-28 05:03:07.523000,14693.62,14695.52,2022-03-28 08:03:07.550,14696.49,14697.99
43,2022-03-28 05:03:09.170000,14694.35,14696.25,2022-03-28 08:03:10.258,14697.49,14698.99
44,2022-03-28 05:03:11.700000,14694.85,14696.75,2022-03-28 08:03:11.749,14697.74,14699.24
45,2022-03-28 05:03:13.645000,14694.47,14696.37,2022-03-28 08:03:14.515,14697.24,14698.74
46,2022-03-28 05:03:13.645000,14694.47,14696.37,2022-03-28 08:03:16.174,14697.24,14698.74
47,2022-03-28 05:03:17.423000,14694.31,14696.21,2022-03-28 08:03:18.489,14697.24,14698.74
48,2022-03-28 05:03:19.998000,14694.1,14696.0,2022-03-28 08:03:20.744,14696.99,14698.49
49,2022-03-28 05:03:21.984000,14694.31,14696.21,2022-03-28 08:03:22.297,14697.24,14698.74
50,2022-03-28 05:03:21.984000,14694.31,14696.21,2022-03-28 08:03:24.732,14697.24,14698.74
51,2022-03-28 05:03:21.984000,14694.31,14696.21,2022-03-28 08:03:27.303,14697.24,14698.74
52,2022-03-28 05:03:21.984000,14694.31,14696.21,2022-03-28 08:03:29.665,14697.24,14698.74
53,2022-03-28 05:03:31.466000,14694.56,14696.46,2022-03-28 08:03:31.668,14697.49,14698.99
54,2022-03-28 05:03:33.403000,14694.72,14696.62,2022-03-28 08:03:33.827,14697.49,14698.99
55,2022-03-28 05:03:35.505000,14694.57,14696.47,2022-03-28 08:03:35.843,14697.49,14698.99
56,2022-03-28 05:03:37.367000,14694.79,14696.69,2022-03-28 08:03:37.811,14697.49,14698.99
57,2022-03-28 05:03:39.949000,14695.1,14697.0,2022-03-28 08:03:40.103,14697.99,14699.49
58,2022-03-28 05:03:42.116000,14695.35,14697.25,2022-03-28 08:03:42.172,14697.99,14699.49
59,2022-03-28 05:03:44.138000,14695.06,14696.96,2022-03-28 08:03:44.202,14697.99,14699.49
60,2022-03-28 05:03:45.824000,14695.22,14697.12,2022-03-28 08:03:46.853,14697.99,14699.49
61,2022-03-28 05:03:48.444000,14694.81,14696.71,2022-03-28 08:03:48.621,14697.74,14699.24
62,2022-03-28 05:03:52.003000,14694.81,14696.71,2022-03-28 08:03:52.973,14697.74,14699.24
63,2022-03-28 05:03:56.354000,14694.79,14696.69,2022-03-28 08:03:56.820,14697.49,14698.99
64,2022-03-28 05:03:57.934000,14694.12,14696.02,2022-03-28 08:03:57.958,14696.99,14698.49
65,2022-03-28 05:03:59.134000,14694.22,14696.12,2022-03-28 08:04:01.003,14696.74,14698.24
66,2022-03-28 05:04:02.901000,14695.35,14697.25,2022-03-28 08:04:03.157,14698.49,14699.99
67,2022-03-28 05:04:05.530000,14695.6,14697.5,2022-03-28 08:04:05.658,14697.74,14699.24
68,2022-03-28 05:04:06.837000,14694.85,14696.75,2022-03-28 08:04:06.858,14697.49,14698.99
69,2022-03-28 05:04:09.462000,14695.47,14697.37,2022-03-28 08:04:10.346,14698.49,14699.99
70,2022-03-28 05:04:12.045000,14696.22,14698.12,2022-03-28 08:04:12.983,14699.49,14700.99
71,2022-03-28 05:04:14.878000,14697.1,14699.0,2022-03-28 08:04:14.906,14699.74,14701.24
72,2022-03-28 05:04:16.031000,14697.47,14699.37,2022-03-28 08:04:17.101,14700.49,14701.99
73,2022-03-28 05:04:19.548000,14697.66,14699.56,2022-03-28 08:04:19.624,14700.49,14701.99
74,2022-03-28 05:04:21.024000,14697.97,14699.87,2022-03-28 08:04:21.969,14700.49,14701.99
75,2022-03-28 05:04:23.771000,14697.72,14699.62,2022-03-28 08:04:23.778,14700.49,14701.99
76,2022-03-28 05:04:26.045000,14697.81,14699.71,2022-03-28 08:04:26.071,14700.74,14702.24
77,2022-03-28 05:04:28.049000,14697.85,14699.75,2022-03-28 08:04:28.137,14700.74,14702.24
78,2022-03-28 05:04:29.972000,14698.31,14700.21,2022-03-28 08:04:30.099,14700.99,14702.49
79,2022-03-28 05:04:34.168000,14699.56,14701.46,2022-03-28 08:04:34.633,14702.74,14704.24
80,2022-03-28 05:04:34.635000,14699.97,14701.87,2022-03-28 08:04:34.690,14702.74,14704.24
81,2022-03-28 05:04:38.539000,14699.14,14701.04,2022-03-28 08:04:38.712,14701.99,14703.49
82,2022-03-28 05:04:40.520000,14698.41,14700.31,2022-03-28 08:04:40.616,14700.99,14702.49
83,2022-03-28 05:04:43.005000,14698.72,14700.62,2022-03-28 08:04:43.007,14701.24,14702.74
84,2022-03-28 05:04:45.498000,14698.6,14700.5,2022-03-28 08:04:45.530,14701.24,14702.74
85,2022-03-28 05:04:47.452000,14698.64,14700.54,2022-03-28 08:04:47.520,14701.24,14702.74
86,2022-03-28 05:04:49.292000,14698.43,14700.33,2022-03-28 08:04:50.165,14701.49,14702.99
87,2022-03-28 05:04:51.890000,14698.87,14700.77,2022-03-28 08:04:52.531,14701.74,14703.24
88,2022-03-28 05:04:54.473000,14699.22,14701.12,2022-03-28 08:04:54.502,14701.99,14703.49
89,2022-03-28 05:04:56.365000,14699.31,14701.21,2022-03-28 08:04:56.859,14701.74,14703.24
90,2022-03-28 05:04:58.097000,14699.06,14700.96,2022-03-28 08:04:58.925,14701.99,14703.49
91,2022-03-28 05:05:00.166000,14699.06,14700.96,2022-03-28 08:05:00.956,14701.74,14703.24
92,2022-03-28 05:05:02.652000,14698.77,14700.67,2022-03-28 08:05:02.988,14701.24,14702.74
93,2022-03-28 05:05:04.863000,14698.39,14700.29,2022-03-28 08:05:04.942,14700.99,14702.49
94,2022-03-28 05:05:06.249000,14697.97,14699.87,2022-03-28 08:05:07.371,14700.99,14702.49
95,2022-03-28 05:05:09.121000,14698.56,14700.46,2022-03-28 08:05:09.459,14701.49,14702.99
96,2022-03-28 05:05:11.546000,14699.07,14700.97,2022-03-28 08:05:11.796,14701.74,14703.24
97,2022-03-28 05:05:13.421000,14698.91,14700.81,2022-03-28 08:05:13.426,14701.99,14703.49
98,2022-03-28 05:05:15.466000,14699.6,14701.5,2022-03-28 08:05:15.538,14702.49,14703.99
99,2022-03-28 05:05:17.612000,14699.47,14701.37,2022-03-28 08:05:18.188,14701.99,14703.49
100,2022-03-28 05:05:19.998000,14699.06,14700.96,2022-03-28 08:05:20.027,14701.49,14702.99
101,2022-03-28 05:05:21.988000,14699.1,14701.0,2022-03-28 08:05:22.033,14701.99,14703.49
102,2022-03-28 05:05:23.830000,14699.67,14701.57,2022-03-28 08:05:23.842,14702.74,14704.24
103,2022-03-28 05:05:25.534000,14699.72,14701.62,2022-03-28 08:05:25.619,14702.74,14704.24
104,2022-03-28 05:05:28.444000,14699.72,14701.62,2022-03-28 08:05:28.821,14702.49,14703.99
105,2022-03-28 05:05:29.835000,14699.6,14701.5,2022-03-28 08:05:30.956,14702.49,14703.99
106,2022-03-28 05:05:32.832000,14699.6,14701.5,2022-03-28 08:05:32.914,14702.24,14703.74
107,2022-03-28 05:05:34.260000,14699.72,14701.62,2022-03-28 08:05:34.291,14702.74,14704.24
108,2022-03-28 05:05:36.963000,14699.47,14701.37,2022-03-28 08:05:36.992,14702.24,14703.74
109,2022-03-28 05:05:39.859000,14699.72,14701.62,2022-03-28 08:05:41.597,14702.49,14703.99
110,2022-03-28 05:05:43.041000,14699.6,14701.5,2022-03-28 08:05:43.064,14702.49,14703.99
111,2022-03-28 05:05:45.462000,14699.29,14701.19,2022-03-28 08:05:45.643,14702.49,14703.99
112,2022-03-28 05:05:47.340000,14699.66,14701.56,2022-03-28 08:05:47.385,14702.74,14704.24
113,2022-03-28 05:05:49.129000,14699.66,14701.56,2022-03-28 08:05:49.166,14702.49,14703.99
114,2022-03-28 05:05:51.133000,14699.72,14701.62,2022-03-28 08:05:51.649,14702.74,14704.24
115,2022-03-28 05:05:54.436000,14699.97,14701.87,2022-03-28 08:05:54.489,14702.74,14704.24
116,2022-03-28 05:05:56.301000,14700.22,14702.12,2022-03-28 08:05:56.366,14702.74,14704.24
117,2022-03-28 05:05:58.675000,14700.31,14702.21,2022-03-28 08:05:58.716,14703.49,14704.99
118,2022-03-28 05:06:01.022000,14700.56,14702.46,2022-03-28 08:06:01.503,14703.74,14705.24
119,2022-03-28 05:06:02.982000,14703.51,14705.41,2022-03-28 08:06:03.010,14706.74,14708.24
120,2022-03-28 05:06:05.520000,14703.85,14705.75,2022-03-28 08:06:05.623,14706.74,14708.24
121,2022-03-28 05:06:07.745000,14703.1,14705.0,2022-03-28 08:06:08.241,14706.49,14707.99
122,2022-03-28 05:06:10.042000,14703.64,14705.54,2022-03-28 08:06:10.128,14706.74,14708.24
123,2022-03-28 05:06:11.512000,14704.72,14706.62,2022-03-28 08:06:12.513,14707.24,14708.74
124,2022-03-28 05:06:14.487000,14704.6,14706.5,2022-03-28 08:06:14.766,14707.74,14709.24
125,2022-03-28 05:06:15.545000,14704.72,14706.62,2022-03-28 08:06:16.771,14707.74,14709.24
126,2022-03-28 05:06:17.248000,14704.72,14706.62,2022-03-28 08:06:18.675,14707.74,14709.24
127,2022-03-28 05:06:20.349000,14705.35,14707.25,2022-03-28 08:06:20.898,14708.24,14709.74
128,2022-03-28 05:06:22.732000,14705.31,14707.21,2022-03-28 08:06:23.096,14708.24,14709.74
129,2022-03-28 05:06:24.665000,14705.35,14707.25,2022-03-28 08:06:25.164,14708.24,14709.74
130,2022-03-28 05:06:27.043000,14705.08,14706.98,2022-03-28 08:06:27.073,14707.99,14709.49
131,2022-03-28 05:06:28.933000,14704.41,14706.31,2022-03-28 08:06:28.960,14707.49,14708.99
132,2022-03-28 05:06:31.470000,14703.97,14705.87,2022-03-28 08:06:31.850,14706.49,14707.99
133,2022-03-28 05:06:33.467000,14702.57,14704.78,2022-03-28 08:06:33.494,14705.74,14707.24
134,2022-03-28 05:06:35.534000,14703.06,14704.96,2022-03-28 08:06:35.919,14705.99,14707.49
135,2022-03-28 05:06:36.993000,14703.39,14705.29,2022-03-28 08:06:37.820,14705.99,14707.49
136,2022-03-28 05:06:39.473000,14703.35,14705.25,2022-03-28 08:06:39.505,14705.99,14707.49
137,2022-03-28 05:06:39.473000,14703.35,14705.25,2022-03-28 08:06:39.505,14705.99,14707.49
138,2022-03-28 05:06:44.036000,14703.85,14705.75,2022-03-28 08:06:44.145,14706.74,14708.24
139,2022-03-28 05:06:45.751000,14703.6,14705.5,2022-03-28 08:06:46.385,14706.74,14708.24
140,2022-03-28 05:06:47.896000,14703.66,14705.56,2022-03-28 08:06:48.344,14706.24,14707.74
141,2022-03-28 05:06:49.831000,14703.72,14705.62,2022-03-28 08:06:50.569,14706.74,14708.24
142,2022-03-28 05:06:52.399000,14703.56,14705.46,2022-03-28 08:06:52.701,14706.49,14707.99
143,2022-03-28 05:06:54.510000,14703.33,14705.23,2022-03-28 08:06:54.800,14706.24,14707.74
144,2022-03-28 05:06:55.230000,14703.47,14705.37,2022-03-28 08:06:56.634,14706.24,14707.74
145,2022-03-28 05:06:57.368000,14703.47,14705.37,2022-03-28 08:06:58.740,14706.24,14707.74
146,2022-03-28 05:07:01.029000,14703.35,14705.25,2022-03-28 08:07:01.051,14706.24,14707.74
147,2022-03-28 05:07:02.964000,14702.89,14704.79,2022-03-28 08:07:03.049,14705.49,14706.99
148,2022-03-28 05:07:04.974000,14702.85,14704.75,2022-03-28 08:07:05.436,14705.74,14707.24
149,2022-03-28 05:07:05.355000,14702.85,14704.75,2022-03-28 08:07:06.707,14705.74,14707.24
150,2022-03-28 05:07:09.961000,14702.72,14704.62,2022-03-28 08:07:10.178,14704.99,14706.49
151,2022-03-28 05:07:11.986000,14701.35,14703.25,2022-03-28 08:07:12.144,14704.24,14705.74
152,2022-03-28 05:07:14.331000,14700.72,14702.62,2022-03-28 08:07:14.403,14703.74,14705.24
153,2022-03-28 05:07:15.623000,14700.87,14702.77,2022-03-28 08:07:15.651,14703.74,14705.24
154,2022-03-28 05:07:15.623000,14700.87,14702.77,2022-03-28 08:07:15.651,14703.74,14705.24
155,2022-03-28 05:07:20.070000,14700.81,14702.71,2022-03-28 08:07:20.151,14703.74,14705.24
156,2022-03-28 05:07:22.470000,14700.85,14702.75,2022-03-28 08:07:22.501,14703.74,14705.24
157,2022-03-28 05:07:24.530000,14700.97,14702.87,2022-03-28 08:07:24.993,14703.49,14704.99
158,2022-03-28 05:07:26.230000,14700.85,14702.75,2022-03-28 08:07:27.121,14703.49,14704.99
159,2022-03-28 05:07:28.185000,14700.72,14702.62,2022-03-28 08:07:28.252,14703.49,14704.99
160,2022-03-28 05:07:30.371000,14700.22,14702.12,2022-03-28 08:07:31.075,14702.99,14704.49
161,2022-03-28 05:07:32.888000,14699.06,14700.96,2022-03-28 08:07:33.019,14701.49,14702.99
162,2022-03-28 05:07:33.239000,14699.14,14701.04,2022-03-28 08:07:35.109,14701.99,14703.49
163,2022-03-28 05:07:36.601000,14699.39,14701.29,2022-03-28 08:07:36.630,14701.99,14703.49
164,2022-03-28 05:07:38.394000,14699.31,14701.21,2022-03-28 08:07:38.479,14702.24,14703.74
165,2022-03-28 05:07:40.711000,14699.35,14701.25,2022-03-28 08:07:40.791,14702.24,14703.74
166,2022-03-28 05:07:40.711000,14699.35,14701.25,2022-03-28 08:07:40.791,14702.24,14703.74
167,2022-03-28 05:07:45.434000,14699.1,14701.0,2022-03-28 08:07:45.601,14701.74,14703.24
168,2022-03-28 05:07:45.584000,14699.14,14701.04,2022-03-28 08:07:45.853,14701.74,14703.24
169,2022-03-28 05:07:49.295000,14697.97,14699.87,2022-03-28 08:07:49.601,14700.24,14701.74
170,2022-03-28 05:07:51.110000,14696.89,14698.79,2022-03-28 08:07:51.830,14699.24,14700.74
171,2022-03-28 05:07:53.392000,14695.89,14697.79,2022-03-28 08:07:54.138,14698.74,14700.24
172,2022-03-28 05:07:55.837000,14695.85,14697.75,2022-03-28 08:07:56.449,14698.74,14700.24
173,2022-03-28 05:07:56.496000,14695.81,14697.71,2022-03-28 08:07:58.400,14698.74,14700.24
174,2022-03-28 05:08:00.386000,14696.54,14698.44,2022-03-28 08:08:00.470,14699.74,14701.24
175,2022-03-28 05:08:02.310000,14697.22,14699.12,2022-03-28 08:08:02.340,14699.99,14701.49
176,2022-03-28 05:08:04.018000,14696.6,14698.5,2022-03-28 08:08:04.555,14699.24,14700.74
177,2022-03-28 05:08:06.496000,14696.35,14698.25,2022-03-28 08:08:06.805,14699.24,14700.74
178,2022-03-28 05:08:08.987000,14696.64,14698.54,2022-03-28 08:08:09.064,14699.49,14700.99
179,2022-03-28 05:08:10.956000,14696.6,14698.5,2022-03-28 08:08:10.989,14699.49,14700.99
180,2022-03-28 05:08:13.006000,14696.72,14698.62,2022-03-28 08:08:13.090,14699.74,14701.24
181,2022-03-28 05:08:14.417000,14696.47,14698.37,2022-03-28 08:08:14.638,14699.24,14700.74
182,2022-03-28 05:08:17.257000,14696.56,14698.46,2022-03-28 08:08:17.285,14698.99,14700.49
183,2022-03-28 05:08:19.107000,14696.35,14698.25,2022-03-28 08:08:19.872,14699.49,14700.99
184,2022-03-28 05:08:21.120000,14696.39,14698.29,2022-03-28 08:08:21.856,14698.74,14700.24
185,2022-03-28 05:08:23.086000,14696.22,14698.12,2022-03-28 08:08:23.148,14698.99,14700.49
186,2022-03-28 05:08:25.493000,14696.16,14698.06,2022-03-28 08:08:25.951,14698.24,14699.74
187,2022-03-28 05:08:27.471000,14695.1,14697.0,2022-03-28 08:08:27.763,14697.74,14699.24
188,2022-03-28 05:08:29.229000,14695.06,14696.96,2022-03-28 08:08:29.799,14697.99,14699.49
189,2022-03-28 05:08:31.621000,14695.06,14696.96,2022-03-28 08:08:31.655,14697.99,14699.49
190,2022-03-28 05:08:33.668000,14695.16,14697.06,2022-03-28 08:08:34.291,14698.24,14699.74
191,2022-03-28 05:08:35.765000,14695.04,14696.94,2022-03-28 08:08:36.284,14697.99,14699.49
192,2022-03-28 05:08:37.846000,14695.22,14697.12,2022-03-28 08:08:37.900,14697.99,14699.49
193,2022-03-28 05:08:39.986000,14694.97,14696.87,2022-03-28 08:08:40.306,14697.74,14699.24
194,2022-03-28 05:08:42.471000,14695.22,14697.12,2022-03-28 08:08:42.550,14697.74,14699.24
195,2022-03-28 05:08:44.542000,14695.41,14697.31,2022-03-28 08:08:44.623,14697.49,14698.99
196,2022-03-28 05:08:46.465000,14695.07,14697.28,2022-03-28 08:08:46.518,14698.24,14699.74
197,2022-03-28 05:08:48.386000,14695.6,14697.5,2022-03-28 08:08:48.466,14698.24,14699.74
198,2022-03-28 05:08:49.822000,14695.56,14697.46,2022-03-28 08:08:50.650,14697.99,14699.49
199,2022-03-28 05:08:51.908000,14695.1,14697.0,2022-03-28 08:08:53,14697.99,14699.49
200,2022-03-28 05:08:55.142000,14695.14,14697.04,2022-03-28 08:08:55.222,14698.24,14699.74
201,2022-03-28 05:08:57.441000,14694.97,14696.87,2022-03-28 08:08:57.467,14697.49,14698.99
202,2022-03-28 05:08:58.427000,14694.85,14696.75,2022-03-28 08:08:59.057,14697.49,14698.99
203,2022-03-28 05:09:02.056000,14694.39,14696.29,2022-03-28 08:09:02.155,14697.24,14698.74
204,2022-03-28 05:09:03.982000,14694.35,14696.25,2022-03-28 08:09:04.222,14697.49,14698.99
205,2022-03-28 05:09:05.848000,14694.56,14696.46,2022-03-28 08:09:06.259,14697.24,14698.74
206,2022-03-28 05:09:07.646000,14694.35,14696.25,2022-03-28 08:09:07.675,14696.99,14698.49
207,2022-03-28 05:09:10.311000,14694.31,14696.21,2022-03-28 08:09:10.833,14697.49,14698.99
208,2022-03-28 05:09:12.823000,14694.81,14696.71,2022-03-28 08:09:12.864,14697.74,14699.24
209,2022-03-28 05:09:12.823000,14694.81,14696.71,2022-03-28 08:09:12.864,14697.74,14699.24
210,2022-03-28 05:09:20.417000,14694.64,14696.54,2022-03-28 08:09:20.658,14697.74,14699.24
211,2022-03-28 05:09:22.758000,14694.39,14696.29,2022-03-28 08:09:23.182,14697.49,14698.99
212,2022-03-28 05:09:24.682000,14694.85,14696.75,2022-03-28 08:09:24.717,14697.74,14699.24
213,2022-03-28 05:09:26.241000,14694.81,14696.71,2022-03-28 08:09:26.267,14697.74,14699.24
214,2022-03-28 05:09:28.869000,14695.14,14697.04,2022-03-28 08:09:28.951,14697.99,14699.49
215,2022-03-28 05:09:30.710000,14695.6,14697.5,2022-03-28 08:09:30.734,14698.24,14699.74
216,2022-03-28 05:09:32.154000,14695.6,14697.5,2022-03-28 08:09:32.940,14698.49,14699.99
217,2022-03-28 05:09:35.168000,14695.81,14697.71,2022-03-28 08:09:35.243,14698.24,14699.74
218,2022-03-28 05:09:37.095000,14695.72,14697.62,2022-03-28 08:09:37.616,14698.49,14699.99
219,2022-03-28 05:09:38.733000,14695.56,14697.46,2022-03-28 08:09:39.666,14698.49,14699.99
220,2022-03-28 05:09:40.406000,14695.47,14697.37,2022-03-28 08:09:40.711,14697.99,14699.49
221,2022-03-28 05:09:43.523000,14694.97,14696.87,2022-03-28 08:09:43.655,14697.74,14699.24
222,2022-03-28 05:09:44.394000,14695.22,14697.12,2022-03-28 08:09:45.263,14697.99,14699.49
223,2022-03-28 05:09:44.394000,14695.22,14697.12,2022-03-28 08:09:45.263,14697.99,14699.49
224,2022-03-28 05:09:44.394000,14695.22,14697.12,2022-03-28 08:09:49.699,14697.99,14699.49
225,2022-03-28 05:09:51.314000,14694.56,14696.46,2022-03-28 08:09:51.400,14697.24,14698.74
226,2022-03-28 05:09:51.986000,14694.35,14696.25,2022-03-28 08:09:52.074,14696.99,14698.49
227,2022-03-28 05:09:55.499000,14693.85,14695.75,2022-03-28 08:09:55.643,14696.49,14697.99
228,2022-03-28 05:09:57.255000,14693.22,14695.12,2022-03-28 08:09:57.761,14696.24,14697.74
229,2022-03-28 05:10:01.528000,14692.64,14694.54,2022-03-28 08:10:01.727,14696.24,14697.74
230,2022-03-28 05:10:04.390000,14693.81,14695.71,2022-03-28 08:10:04.518,14696.74,14698.24
231,2022-03-28 05:10:06.277000,14692.9,14694.8,2022-03-28 08:10:06.357,14696.24,14697.74
232,2022-03-28 05:10:08.547000,14693.35,14695.25,2022-03-28 08:10:08.748,14695.74,14697.24
233,2022-03-28 05:10:10.478000,14692.97,14694.87,2022-03-28 08:10:10.781,14695.99,14697.49
234,2022-03-28 05:10:12.185000,14693.33,14695.23,2022-03-28 08:10:12.422,14696.24,14697.74
235,2022-03-28 05:10:14.500000,14694.35,14696.25,2022-03-28 08:10:14.646,14697.49,14698.99
236,2022-03-28 05:10:16.486000,14695.72,14697.62,2022-03-28 08:10:16.554,14698.49,14699.99
237,2022-03-28 05:10:18.413000,14696.89,14698.79,2022-03-28 08:10:18.473,14699.49,14700.99
238,2022-03-28 05:10:20.448000,14697.97,14699.87,2022-03-28 08:10:20.773,14700.74,14702.24
239,2022-03-28 05:10:22.095000,14697.72,14699.62,2022-03-28 08:10:22.970,14700.49,14701.99
240,2022-03-28 05:10:24.471000,14697.97,14699.87,2022-03-28 08:10:25.004,14700.74,14702.24
241,2022-03-28 05:10:28.910000,14694.72,14696.62,2022-03-28 08:10:28.984,14697.24,14698.74
242,2022-03-28 05:10:30.873000,14694.85,14696.75,2022-03-28 08:10:30.899,14697.49,14698.99
243,2022-03-28 05:10:30.873000,14694.85,14696.75,2022-03-28 08:10:31.530,14697.49,14698.99
244,2022-03-28 05:10:34.819000,14695.64,14697.54,2022-03-28 08:10:35.190,14698.49,14699.99
245,2022-03-28 05:10:36.802000,14695.6,14697.5,2022-03-28 08:10:37.481,14698.24,14699.74
246,2022-03-28 05:10:38.779000,14695.64,14697.54,2022-03-28 08:10:39.440,14697.99,14699.49
247,2022-03-28 05:10:40.871000,14694.79,14696.69,2022-03-28 08:10:41.440,14696.99,14698.49
248,2022-03-28 05:10:42.387000,14694.72,14696.62,2022-03-28 08:10:43.407,14697.99,14699.49
249,2022-03-28 05:10:45.039000,14695.1,14697.0,2022-03-28 08:10:45.124,14697.99,14699.49
250,2022-03-28 05:10:46.979000,14695.97,14697.87,2022-03-28 08:10:47.477,14698.74,14700.24
251,2022-03-28 05:10:48.619000,14696.97,14698.87,2022-03-28 08:10:48.660,14699.74,14701.24
252,2022-03-28 05:10:51.397000,14696.6,14698.5,2022-03-28 08:10:51.455,14699.49,14700.99
253,2022-03-28 05:10:53.012000,14696.97,14698.87,2022-03-28 08:10:53.825,14699.74,14701.24
254,2022-03-28 05:10:55.462000,14695.6,14697.5,2022-03-28 08:10:55.597,14698.49,14699.99
255,2022-03-28 05:10:58.014000,14695.47,14697.37,2022-03-28 08:10:58.085,14698.24,14699.74
256,2022-03-28 05:11:00.003000,14695.22,14697.12,2022-03-28 08:11:00.100,14697.74,14699.24
257,2022-03-28 05:11:03.885000,14694.72,14696.62,2022-03-28 08:11:04.262,14697.24,14698.74
258,2022-03-28 05:11:05.762000,14693.6,14695.5,2022-03-28 08:11:05.790,14696.49,14697.99
259,2022-03-28 05:11:07.967000,14693.22,14695.12,2022-03-28 08:11:08.028,14695.99,14697.49
260,2022-03-28 05:11:09.325000,14693.37,14695.27,2022-03-28 08:11:09.663,14696.24,14697.74
261,2022-03-28 05:11:12.942000,14692.64,14694.54,2022-03-28 08:11:13.784,14695.24,14696.74
262,2022-03-28 05:11:16.982000,14693.22,14695.12,2022-03-28 08:11:17.235,14695.99,14697.49
263,2022-03-28 05:11:18.909000,14693.22,14695.12,2022-03-28 08:11:19.306,14696.49,14697.99
264,2022-03-28 05:11:20.683000,14693.66,14695.56,2022-03-28 08:11:21.021,14695.99,14697.49
265,2022-03-28 05:11:22.985000,14693.1,14695.0,2022-03-28 08:11:23.240,14695.49,14696.99
266,2022-03-28 05:11:24.907000,14693.06,14694.96,2022-03-28 08:11:24.987,14695.74,14697.24
267,2022-03-28 05:11:27.309000,14693.22,14695.12,2022-03-28 08:11:27.369,14696.24,14697.74
268,2022-03-28 05:11:29.205000,14693.47,14695.37,2022-03-28 08:11:29.914,14696.99,14698.49
269,2022-03-28 05:11:31.497000,14693.85,14695.75,2022-03-28 08:11:31.540,14696.49,14697.99
270,2022-03-28 05:11:32.776000,14693.85,14695.75,2022-03-28 08:11:33.883,14696.99,14698.49
271,2022-03-28 05:11:33.804000,14693.72,14695.62,2022-03-28 08:11:35.997,14696.99,14698.49
272,2022-03-28 05:11:37.335000,14694.35,14696.25,2022-03-28 08:11:37.978,14696.99,14698.49
273,2022-03-28 05:11:39.084000,14693.89,14695.79,2022-03-28 08:11:40.034,14696.49,14697.99
274,2022-03-28 05:11:41.130000,14692.97,14694.87,2022-03-28 08:11:42.010,14695.99,14697.49
275,2022-03-28 05:11:43.607000,14692.97,14694.87,2022-03-28 08:11:43.663,14695.49,14696.99
276,2022-03-28 05:11:45.804000,14692.14,14694.04,2022-03-28 08:11:45.882,14694.99,14696.49
277,2022-03-28 05:11:47.131000,14692.1,14694.0,2022-03-28 08:11:47.869,14694.99,14696.49
278,2022-03-28 05:11:48.669000,14692.1,14694.0,2022-03-28 08:11:50.178,14694.74,14696.24
279,2022-03-28 05:11:51.112000,14691.72,14693.62,2022-03-28 08:11:51.139,14694.24,14695.74
280,2022-03-28 05:11:54.507000,14691.97,14693.87,2022-03-28 08:11:54.661,14694.99,14696.49
281,2022-03-28 05:11:56.296000,14691.81,14693.71,2022-03-28 08:11:56.838,14694.49,14695.99
282,2022-03-28 05:11:58.527000,14691.47,14693.37,2022-03-28 08:11:58.600,14694.49,14695.99
283,2022-03-28 05:12:00.181000,14692.14,14694.04,2022-03-28 08:12:00.264,14694.99,14696.49
284,2022-03-28 05:12:02.933000,14691.85,14693.75,2022-03-28 08:12:03,14694.49,14695.99
285,2022-03-28 05:12:05.007000,14691.77,14693.67,2022-03-28 08:12:05.333,14694.24,14695.74
286,2022-03-28 05:12:07.281000,14691.79,14693.69,2022-03-28 08:12:07.366,14694.24,14695.74
287,2022-03-28 05:12:09.270000,14691.6,14693.5,2022-03-28 08:12:09.300,14694.24,14695.74
288,2022-03-28 05:12:13.434000,14691.47,14693.37,2022-03-28 08:12:13.884,14694.24,14695.74
289,2022-03-28 05:12:13.846000,14691.6,14693.5,2022-03-28 08:12:15.813,14694.24,14695.74
290,2022-03-28 05:12:16.986000,14691.81,14693.71,2022-03-28 08:12:17.304,14694.49,14695.99
291,2022-03-28 05:12:19.120000,14691.6,14693.5,2022-03-28 08:12:19.732,14694.24,14695.74
292,2022-03-28 05:12:20.944000,14691.47,14693.37,2022-03-28 08:12:20.976,14694.24,14695.74
293,2022-03-28 05:12:23.179000,14691.4,14693.3,2022-03-28 08:12:23.884,14693.99,14695.49
294,2022-03-28 05:12:23.929000,14691.4,14693.3,2022-03-28 08:12:24.725,14693.99,14695.49
295,2022-03-28 05:12:29.026000,14691.19,14693.09,2022-03-28 08:12:29.957,14693.74,14695.24
296,2022-03-28 05:12:30.991000,14691.22,14693.12,2022-03-28 08:12:31.647,14693.99,14695.49
297,2022-03-28 05:12:32.928000,14691.06,14692.96,2022-03-28 08:12:33.604,14693.74,14695.24
298,2022-03-28 05:12:36.306000,14691.06,14692.96,2022-03-28 08:12:36.334,14693.49,14694.99
299,2022-03-28 05:12:40.507000,14688.91,14690.81,2022-03-28 08:12:41.033,14691.74,14693.24
300,2022-03-28 05:12:42.883000,14689.35,14691.25,2022-03-28 08:12:42.897,14692.24,14693.74
301,2022-03-28 05:12:50.335000,14690.35,14692.25,2022-03-28 08:12:50.807,14693.24,14694.74
302,2022-03-28 05:12:52.986000,14690.72,14692.62,2022-03-28 08:12:53.453,14693.49,14694.99
303,2022-03-28 05:12:54.797000,14690.6,14692.5,2022-03-28 08:12:54.818,14693.49,14694.99
304,2022-03-28 05:12:57.461000,14690.47,14692.37,2022-03-28 08:12:57.568,14692.99,14694.49
305,2022-03-28 05:12:58.872000,14690.47,14692.37,2022-03-28 08:12:59.585,14693.24,14694.74
306,2022-03-28 05:13:00.860000,14690.47,14692.37,2022-03-28 08:13:02.165,14692.99,14694.49
307,2022-03-28 05:13:02.724000,14690.32,14692.22,2022-03-28 08:13:04.239,14692.99,14694.49
308,2022-03-28 05:13:05.953000,14690.47,14692.37,2022-03-28 08:13:06.280,14692.99,14694.49
309,2022-03-28 05:13:08.555000,14690.32,14692.22,2022-03-28 08:13:08.642,14692.99,14694.49
310,2022-03-28 05:13:09.607000,14690.29,14692.19,2022-03-28 08:13:09.643,14692.99,14694.49
311,2022-03-28 05:13:11.787000,14690.22,14692.12,2022-03-28 08:13:12.731,14693.24,14694.74
312,2022-03-28 05:13:14.773000,14690.64,14692.54,2022-03-28 08:13:14.786,14693.24,14694.74
313,2022-03-28 05:13:20.004000,14690.72,14692.62,2022-03-28 08:13:20.911,14693.74,14695.24
314,2022-03-28 05:13:22.369000,14691.39,14693.29,2022-03-28 08:13:23.086,14694.24,14695.74
315,2022-03-28 05:13:24.730000,14692.22,14694.12,2022-03-28 08:13:25.129,14695.49,14696.99
316,2022-03-28 05:13:26.970000,14692.85,14694.75,2022-03-28 08:13:27.219,14695.74,14697.24
317,2022-03-28 05:13:29.483000,14692.72,14694.62,2022-03-28 08:13:29.753,14695.24,14696.74
318,2022-03-28 05:13:31.524000,14692.85,14694.75,2022-03-28 08:13:31.563,14695.74,14697.24
319,2022-03-28 05:13:35.593000,14692.35,14694.25,2022-03-28 08:13:35.622,14694.99,14696.49
320,2022-03-28 05:13:37.913000,14692.56,14694.46,2022-03-28 08:13:37.948,14695.49,14696.99
321,2022-03-28 05:13:39.544000,14692.35,14694.25,2022-03-28 08:13:39.577,14694.99,14696.49
322,2022-03-28 05:13:40.722000,14692.22,14694.12,2022-03-28 08:13:42.133,14694.99,14696.49
323,2022-03-28 05:13:43.825000,14692.35,14694.25,2022-03-28 08:13:43.847,14695.24,14696.74
324,2022-03-28 05:13:45.849000,14692.47,14694.37,2022-03-28 08:13:46.128,14695.24,14696.74
325,2022-03-28 05:13:48.364000,14692.35,14694.25,2022-03-28 08:13:48.382,14695.24,14696.74
326,2022-03-28 05:13:52.528000,14691.89,14693.79,2022-03-28 08:13:52.562,14694.74,14696.24
327,2022-03-28 05:13:53.672000,14692.72,14694.62,2022-03-28 08:13:54.717,14695.49,14696.99
328,2022-03-28 05:13:55.535000,14692.07,14694.28,2022-03-28 08:13:56.845,14695.24,14696.74
329,2022-03-28 05:13:57.736000,14692.6,14694.5,2022-03-28 08:13:57.758,14695.49,14696.99
330,2022-03-28 05:13:59.855000,14692.72,14694.62,2022-03-28 08:13:59.935,14694.99,14696.49
331,2022-03-28 05:14:02.900000,14692.81,14694.71,2022-03-28 08:14:03.116,14696.49,14697.99
332,2022-03-28 05:14:05.050000,14693.07,14695.28,2022-03-28 08:14:05.118,14695.99,14697.49
333,2022-03-28 05:14:06.602000,14693.22,14695.12,2022-03-28 08:14:06.658,14696.24,14697.74
334,2022-03-28 05:14:08.040000,14693.14,14695.04,2022-03-28 08:14:09.246,14696.49,14697.99
335,2022-03-28 05:14:10.949000,14693.72,14695.62,2022-03-28 08:14:11.330,14696.49,14697.99
336,2022-03-28 05:14:13.018000,14693.47,14695.37,2022-03-28 08:14:13.061,14696.24,14697.74
337,2022-03-28 05:14:14.683000,14693.64,14695.54,2022-03-28 08:14:14.736,14696.74,14698.24
338,2022-03-28 05:14:16.904000,14693.72,14695.62,2022-03-28 08:14:16.954,14696.49,14697.99
339,2022-03-28 05:14:19.172000,14693.22,14695.12,2022-03-28 08:14:19.245,14695.74,14697.24
340,2022-03-28 05:14:21.446000,14693.35,14695.25,2022-03-28 08:14:21.467,14696.24,14697.74
341,2022-03-28 05:14:23.445000,14693.06,14694.96,2022-03-28 08:14:23.525,14695.49,14696.99
342,2022-03-28 05:14:25.443000,14692.81,14694.71,2022-03-28 08:14:25.927,14695.74,14697.24
343,2022-03-28 05:14:27.327000,14692.35,14694.25,2022-03-28 08:14:27.657,14694.49,14695.99
344,2022-03-28 05:14:27.589000,14692.1,14694.0,2022-03-28 08:14:29.996,14694.99,14696.49
345,2022-03-28 05:14:30.825000,14692.35,14694.25,2022-03-28 08:14:31.229,14694.99,14696.49
346,2022-03-28 05:14:33.587000,14691.56,14693.46,2022-03-28 08:14:33.598,14694.24,14695.74
347,2022-03-28 05:14:35.663000,14691.85,14693.75,2022-03-28 08:14:35.720,14694.74,14696.24
348,2022-03-28 05:14:35.663000,14691.85,14693.75,2022-03-28 08:14:37.407,14694.49,14695.99
349,2022-03-28 05:14:39.983000,14691.39,14693.29,2022-03-28 08:14:40.029,14694.49,14695.99
350,2022-03-28 05:14:41.994000,14691.39,14693.29,2022-03-28 08:14:41.995,14694.49,14695.99
351,2022-03-28 05:14:42.948000,14691.47,14693.37,2022-03-28 08:14:44.454,14694.24,14695.74
352,2022-03-28 05:14:46.473000,14691.14,14693.04,2022-03-28 08:14:46.536,14693.99,14695.49
353,2022-03-28 05:14:48.304000,14691.39,14693.29,2022-03-28 08:14:48.759,14694.74,14696.24
354,2022-03-28 05:14:50.028000,14691.81,14693.71,2022-03-28 08:14:51.007,14694.49,14695.99
355,2022-03-28 05:14:52.258000,14691.97,14693.87,2022-03-28 08:14:52.391,14694.74,14696.24
356,2022-03-28 05:14:54.278000,14691.81,14693.71,2022-03-28 08:14:54.345,14694.49,14695.99
357,2022-03-28 05:14:58.404000,14690.57,14692.47,2022-03-28 08:14:59.179,14692.99,14694.49
358,2022-03-28 05:14:58.404000,14690.57,14692.47,2022-03-28 08:15:00.156,14692.99,14694.49
359,2022-03-28 05:15:03.860000,14689.85,14691.75,2022-03-28 08:15:04.217,14692.49,14693.99
360,2022-03-28 05:15:06.042000,14690.22,14692.12,2022-03-28 08:15:06.352,14692.99,14694.49
361,2022-03-28 05:15:09.725000,14689.97,14691.87,2022-03-28 08:15:10.488,14692.99,14694.49
362,2022-03-28 05:15:11.776000,14690.12,14692.02,2022-03-28 08:15:12.477,14693.24,14694.74
363,2022-03-28 05:15:13.763000,14690.6,14692.5,2022-03-28 08:15:14.404,14693.99,14695.49
364,2022-03-28 05:15:15.616000,14690.47,14692.37,2022-03-28 08:15:15.645,14693.24,14694.74
365,2022-03-28 05:15:20.015000,14688.92,14690.82,2022-03-28 08:15:20.069,14691.49,14692.99
366,2022-03-28 05:15:22.287000,14688.85,14690.75,2022-03-28 08:15:22.313,14691.49,14692.99
367,2022-03-28 05:15:26.530000,14688.97,14690.87,2022-03-28 08:15:26.765,14691.49,14692.99
368,2022-03-28 05:15:27.985000,14688.14,14690.04,2022-03-28 08:15:28.014,14690.74,14692.24
369,2022-03-28 05:15:31.049000,14687.97,14689.87,2022-03-28 08:15:31.143,14690.74,14692.24
370,2022-03-28 05:15:32.602000,14687.97,14689.87,2022-03-28 08:15:32.618,14690.74,14692.24
371,2022-03-28 05:15:33.832000,14688.1,14690.0,2022-03-28 08:15:34.763,14690.99,14692.49
372,2022-03-28 05:15:36.695000,14688.35,14690.25,2022-03-28 08:15:37.886,14691.24,14692.74
373,2022-03-28 05:15:38.883000,14688.22,14690.12,2022-03-28 08:15:39.533,14690.99,14692.49
374,2022-03-28 05:15:41.591000,14687.35,14689.25,2022-03-28 08:15:41.662,14690.24,14691.74
375,2022-03-28 05:15:43.501000,14687.35,14689.25,2022-03-28 08:15:44.086,14689.99,14691.49
376,2022-03-28 05:15:45.347000,14687.22,14689.12,2022-03-28 08:15:46.171,14689.99,14691.49
377,2022-03-28 05:15:47.304000,14686.66,14688.56,2022-03-28 08:15:48.740,14689.74,14691.24
378,2022-03-28 05:15:50.371000,14687.06,14688.96,2022-03-28 08:15:50.720,14689.99,14691.49
379,2022-03-28 05:15:52.472000,14686.97,14688.87,2022-03-28 08:15:52.706,14689.99,14691.49
380,2022-03-28 05:15:53.979000,14686.97,14688.87,2022-03-28 08:15:54.441,14689.74,14691.24
381,2022-03-28 05:15:53.979000,14686.97,14688.87,2022-03-28 08:15:54.441,14689.74,14691.24
382,2022-03-28 05:15:58.502000,14687.1,14689.0,2022-03-28 08:15:59.285,14689.99,14691.49
383,2022-03-28 05:16:00.373000,14687.14,14689.04,2022-03-28 08:16:00.454,14689.74,14691.24
384,2022-03-28 05:16:03.051000,14686.79,14688.69,2022-03-28 08:16:03.192,14689.74,14691.24
385,2022-03-28 05:16:04.939000,14687.27,14689.17,2022-03-28 08:16:04.980,14689.74,14691.24
386,2022-03-28 05:16:08.595000,14687.22,14689.12,2022-03-28 08:16:09.176,14689.74,14691.24
387,2022-03-28 05:16:11.424000,14687.3,14689.2,2022-03-28 08:16:11.452,14689.74,14691.24
388,2022-03-28 05:16:13.420000,14686.97,14688.87,2022-03-28 08:16:13.454,14689.49,14690.99
389,2022-03-28 05:16:15.293000,14686.79,14688.69,2022-03-28 08:16:15.373,14689.74,14691.24
390,2022-03-28 05:16:22.056000,14686.54,14688.44,2022-03-28 08:16:22.100,14689.49,14690.99
391,2022-03-28 05:16:23.951000,14686.89,14688.79,2022-03-28 08:16:23.981,14689.49,14690.99
392,2022-03-28 05:16:25.946000,14686.89,14688.79,2022-03-28 08:16:25.966,14689.49,14690.99
393,2022-03-28 05:16:27.247000,14686.6,14688.5,2022-03-28 08:16:27.299,14689.49,14690.99
394,2022-03-28 05:16:29.767000,14686.6,14688.5,2022-03-28 08:16:30.316,14688.99,14690.49
395,2022-03-28 05:16:31.333000,14686.22,14688.12,2022-03-28 08:16:31.371,14688.99,14690.49
396,2022-03-28 05:16:34.448000,14686.35,14688.25,2022-03-28 08:16:34.969,14689.24,14690.74
397,2022-03-28 05:16:36.482000,14686.79,14688.69,2022-03-28 08:16:36.520,14688.99,14690.49
398,2022-03-28 05:16:37.948000,14686.06,14687.96,2022-03-28 08:16:39.048,14688.99,14690.49
399,2022-03-28 05:16:40.013000,14686.22,14688.12,2022-03-28 08:16:41.030,14688.74,14690.24
400,2022-03-28 05:16:42.106000,14685.97,14687.87,2022-03-28 08:16:42.148,14688.74,14690.24
401,2022-03-28 05:16:43.551000,14685.92,14687.82,2022-03-28 08:16:45.044,14688.74,14690.24
402,2022-03-28 05:16:48.785000,14686.89,14688.79,2022-03-28 08:16:48.970,14689.74,14691.24
403,2022-03-28 05:16:51.037000,14686.72,14688.62,2022-03-28 08:16:51.282,14689.99,14691.49
404,2022-03-28 05:16:52.532000,14686.85,14688.75,2022-03-28 08:16:52.620,14689.49,14690.99
405,2022-03-28 05:16:54.850000,14686.82,14688.72,2022-03-28 08:16:55.229,14689.24,14690.74
406,2022-03-28 05:16:57.088000,14686.72,14688.62,2022-03-28 08:16:57.728,14689.49,14690.99
407,2022-03-28 05:16:59.364000,14686.35,14688.25,2022-03-28 08:16:59.393,14688.99,14690.49
408,2022-03-28 05:17:00.213000,14686.22,14688.12,2022-03-28 08:17:01.705,14688.99,14690.49
409,2022-03-28 05:17:05.163000,14685.97,14687.87,2022-03-28 08:17:05.626,14688.49,14689.99
410,2022-03-28 05:17:07.417000,14685.02,14686.92,2022-03-28 08:17:07.800,14688.49,14689.99
411,2022-03-28 05:17:09.008000,14686.35,14688.25,2022-03-28 08:17:09.710,14688.99,14690.49
412,2022-03-28 05:17:11.421000,14686.07,14687.97,2022-03-28 08:17:11.428,14688.74,14690.24
413,2022-03-28 05:17:13.173000,14686.05,14687.95,2022-03-28 08:17:13.729,14688.49,14689.99
414,2022-03-28 05:17:15.489000,14685.85,14687.75,2022-03-28 08:17:15.575,14688.74,14690.24
415,2022-03-28 05:17:17.465000,14685.39,14687.29,2022-03-28 08:17:17.547,14688.74,14690.24
416,2022-03-28 05:17:18.452000,14685.81,14687.71,2022-03-28 08:17:18.525,14688.74,14690.24
417,2022-03-28 05:17:20.609000,14685.47,14687.37,2022-03-28 08:17:20.688,14688.49,14689.99
418,2022-03-28 05:17:23.906000,14685.85,14687.75,2022-03-28 08:17:23.934,14688.74,14690.24
419,2022-03-28 05:17:24.924000,14685.85,14687.75,2022-03-28 08:17:24.955,14688.74,14690.24
420,2022-03-28 05:17:27.971000,14684.92,14686.82,2022-03-28 08:17:28.030,14687.49,14688.99
421,2022-03-28 05:17:27.971000,14684.92,14686.82,2022-03-28 08:17:28.353,14687.49,14688.99
422,2022-03-28 05:17:27.971000,14684.92,14686.82,2022-03-28 08:17:28.353,14687.49,14688.99
423,2022-03-28 05:17:27.971000,14684.92,14686.82,2022-03-28 08:17:28.353,14687.49,14688.99
424,2022-03-28 05:17:27.971000,14684.92,14686.82,2022-03-28 08:17:36.417,14687.49,14688.99
425,2022-03-28 05:17:38.117000,14685.07,14686.97,2022-03-28 08:17:38.171,14687.49,14688.99
426,2022-03-28 05:17:42.362000,14685.8,14687.7,2022-03-28 08:17:42.669,14688.74,14690.24
427,2022-03-28 05:17:43.919000,14686.1,14688.0,2022-03-28 08:17:43.926,14688.99,14690.49
428,2022-03-28 05:17:47.403000,14685.85,14687.75,2022-03-28 08:17:48.762,14688.74,14690.24
429,2022-03-28 05:17:50.020000,14686.04,14687.94,2022-03-28 08:17:50.117,14688.49,14689.99
430,2022-03-28 05:17:52.088000,14685.39,14687.29,2022-03-28 08:17:52.796,14688.49,14689.99
431,2022-03-28 05:17:53.893000,14685.42,14687.32,2022-03-28 08:17:54.820,14688.49,14689.99
432,2022-03-28 05:17:57.034000,14685.72,14687.62,2022-03-28 08:17:57.075,14688.24,14689.74
433,2022-03-28 05:17:58.754000,14685.6,14687.5,2022-03-28 08:17:59.245,14688.24,14689.74
434,2022-03-28 05:18:00.783000,14685.81,14687.71,2022-03-28 08:18:01.233,14688.99,14690.49
435,2022-03-28 05:18:02.946000,14685.81,14687.71,2022-03-28 08:18:02.977,14688.74,14690.24
436,2022-03-28 05:18:05.147000,14686.02,14687.92,2022-03-28 08:18:05.571,14688.74,14690.24
437,2022-03-28 05:18:07.173000,14685.62,14687.52,2022-03-28 08:18:07.574,14688.49,14689.99
438,2022-03-28 05:18:09.475000,14685.62,14687.52,2022-03-28 08:18:09.513,14688.49,14689.99
439,2022-03-28 05:18:11.473000,14684.47,14686.37,2022-03-28 08:18:11.544,14687.24,14688.74
440,2022-03-28 05:18:14.962000,14683.56,14685.46,2022-03-28 08:18:16.271,14686.74,14688.24
441,2022-03-28 05:18:17.371000,14685.72,14687.62,2022-03-28 08:18:17.932,14688.49,14689.99
442,2022-03-28 05:18:20.353000,14684.06,14685.96,2022-03-28 08:18:20.614,14686.74,14688.24
443,2022-03-28 05:18:22.454000,14684.72,14686.62,2022-03-28 08:18:22.748,14687.74,14689.24
444,2022-03-28 05:18:24.538000,14684.56,14686.46,2022-03-28 08:18:24.560,14687.49,14688.99
445,2022-03-28 05:18:26.034000,14684.72,14686.62,2022-03-28 08:18:26.771,14687.49,14688.99
446,2022-03-28 05:18:28.707000,14685.1,14687.0,2022-03-28 08:18:28.740,14687.99,14689.49
447,2022-03-28 05:18:30.939000,14685.66,14687.56,2022-03-28 08:18:31.017,14688.49,14689.99
448,2022-03-28 05:18:32.964000,14685.77,14687.67,2022-03-28 08:18:33.035,14688.49,14689.99
449,2022-03-28 05:18:35.479000,14685.51,14687.41,2022-03-28 08:18:35.542,14688.49,14689.99
450,2022-03-28 05:18:37.033000,14685.1,14687.0,2022-03-28 08:18:37.105,14688.24,14689.74
451,2022-03-28 05:18:38.024000,14685.47,14687.37,2022-03-28 08:18:39.718,14688.74,14690.24
452,2022-03-28 05:18:40.154000,14685.42,14687.32,2022-03-28 08:18:40.201,14688.49,14689.99
453,2022-03-28 05:18:43.591000,14685.47,14687.37,2022-03-28 08:18:43.665,14688.24,14689.74
454,2022-03-28 05:18:45.228000,14685.6,14687.5,2022-03-28 08:18:45.255,14688.49,14689.99
455,2022-03-28 05:18:47.974000,14685.66,14687.56,2022-03-28 08:18:48.261,14688.49,14689.99
456,2022-03-28 05:18:50.028000,14685.89,14687.79,2022-03-28 08:18:50.049,14688.49,14689.99
457,2022-03-28 05:18:51.103000,14685.89,14687.79,2022-03-28 08:18:52.405,14688.49,14689.99
458,2022-03-28 05:18:52.160000,14685.89,14687.79,2022-03-28 08:18:54.161,14688.49,14689.99
459,2022-03-28 05:18:55.685000,14685.72,14687.62,2022-03-28 08:18:55.715,14688.49,14689.99
460,2022-03-28 05:18:58.555000,14684.85,14686.75,2022-03-28 08:18:58.569,14687.49,14688.99
461,2022-03-28 05:19:00.020000,14684.85,14686.75,2022-03-28 08:19:00.050,14687.49,14688.99
462,2022-03-28 05:19:02.430000,14684.72,14686.62,2022-03-28 08:19:02.471,14687.49,14688.99
463,2022-03-28 05:19:04.523000,14684.66,14686.56,2022-03-28 08:19:04.549,14687.49,14688.99
464,2022-03-28 05:19:06.149000,14685.62,14687.52,2022-03-28 08:19:06.811,14688.49,14689.99
465,2022-03-28 05:19:10.094000,14685.47,14687.37,2022-03-28 08:19:10.767,14688.24,14689.74
466,2022-03-28 05:19:12.746000,14685.39,14687.29,2022-03-28 08:19:12.777,14688.24,14689.74
467,2022-03-28 05:19:17.037000,14685.47,14687.37,2022-03-28 08:19:17.155,14688.49,14689.99
468,2022-03-28 05:19:18.985000,14685.85,14687.75,2022-03-28 08:19:19.282,14688.99,14690.49
469,2022-03-28 05:19:20.011000,14686.22,14688.12,2022-03-28 08:19:21.473,14688.99,14690.49
470,2022-03-28 05:19:23.028000,14686.06,14687.96,2022-03-28 08:19:23.839,14688.74,14690.24
471,2022-03-28 05:19:24.936000,14685.87,14687.77,2022-03-28 08:19:25.871,14688.74,14690.24
472,2022-03-28 05:19:27.321000,14687.31,14689.21,2022-03-28 08:19:27.407,14690.24,14691.74
473,2022-03-28 05:19:29.366000,14688.31,14690.21,2022-03-28 08:19:29.708,14691.24,14692.74
474,2022-03-28 05:19:31.019000,14688.35,14690.25,2022-03-28 08:19:31.716,14691.24,14692.74
475,2022-03-28 05:19:33.956000,14687.85,14689.75,2022-03-28 08:19:33.991,14690.49,14691.99
476,2022-03-28 05:19:35.472000,14687.04,14688.94,2022-03-28 08:19:36.329,14689.49,14690.99
477,2022-03-28 05:19:37.021000,14686.56,14688.46,2022-03-28 08:19:37.063,14689.49,14690.99
478,2022-03-28 05:19:40.032000,14686.85,14688.75,2022-03-28 08:19:40.098,14689.49,14690.99
479,2022-03-28 05:19:42.021000,14685.89,14687.79,2022-03-28 08:19:42.298,14688.49,14689.99
480,2022-03-28 05:19:42.698000,14685.85,14687.75,2022-03-28 08:19:44.360,14688.74,14690.24
481,2022-03-28 05:19:47.500000,14684.85,14686.75,2022-03-28 08:19:48.362,14687.74,14689.24
482,2022-03-28 05:19:49.393000,14684.85,14686.75,2022-03-28 08:19:49.433,14687.74,14689.24
483,2022-03-28 05:19:52.437000,14685.17,14687.07,2022-03-28 08:19:52.715,14687.99,14689.49
484,2022-03-28 05:19:54.295000,14685.85,14687.75,2022-03-28 08:19:54.316,14688.49,14689.99
485,2022-03-28 05:19:55.929000,14685.85,14687.75,2022-03-28 08:19:55.958,14688.74,14690.24
486,2022-03-28 05:19:58.349000,14685.22,14687.12,2022-03-28 08:19:58.938,14688.24,14689.74
487,2022-03-28 05:20:00.678000,14685.42,14687.32,2022-03-28 08:20:01.452,14688.49,14689.99
488,2022-03-28 05:20:03.484000,14687.31,14689.21,2022-03-28 08:20:03.557,14689.99,14691.49
489,2022-03-28 05:20:05.373000,14686.85,14688.75,2022-03-28 08:20:06.113,14689.49,14690.99
490,2022-03-28 05:20:07.947000,14687.22,14689.12,2022-03-28 08:20:08.286,14690.49,14691.99
491,2022-03-28 05:20:09.950000,14687.35,14689.25,2022-03-28 08:20:09.981,14690.24,14691.74
492,2022-03-28 05:20:12.054000,14688.22,14690.12,2022-03-28 08:20:12.362,14690.49,14691.99
493,2022-03-28 05:20:12.793000,14687.85,14689.75,2022-03-28 08:20:14.135,14690.74,14692.24
494,2022-03-28 05:20:15.920000,14687.97,14689.87,2022-03-28 08:20:15.958,14690.99,14692.49
495,2022-03-28 05:20:18.037000,14688.14,14690.04,2022-03-28 08:20:18.368,14690.74,14692.24
496,2022-03-28 05:20:19.467000,14687.97,14689.87,2022-03-28 08:20:20.236,14690.74,14692.24
497,2022-03-28 05:20:21.493000,14687.91,14689.81,2022-03-28 08:20:21.587,14690.49,14691.99
498,2022-03-28 05:20:24.491000,14687.47,14689.37,2022-03-28 08:20:24.519,14690.24,14691.74
499,2022-03-28 05:20:26.543000,14687.39,14689.29,2022-03-28 08:20:26.616,14689.99,14691.49
500,2022-03-28 05:20:28.489000,14687.04,14688.94,2022-03-28 08:20:28.687,14690.49,14691.99
501,2022-03-28 05:20:29.504000,14687.85,14689.75,2022-03-28 08:20:29.577,14690.74,14692.24
502,2022-03-28 05:20:32.676000,14687.81,14689.71,2022-03-28 08:20:32.695,14690.74,14692.24
503,2022-03-28 05:20:33.707000,14688.1,14690.0,2022-03-28 08:20:35.223,14690.99,14692.49
504,2022-03-28 05:20:36.999000,14687.89,14689.79,2022-03-28 08:20:37.077,14690.74,14692.24
505,2022-03-28 05:20:38.488000,14688.1,14690.0,2022-03-28 08:20:40.203,14690.99,14692.49
506,2022-03-28 05:20:42.502000,14687.97,14689.87,2022-03-28 08:20:42.588,14690.74,14692.24
507,2022-03-28 05:20:44.475000,14688.1,14690.0,2022-03-28 08:20:44.502,14690.99,14692.49
508,2022-03-28 05:20:45.438000,14688.27,14690.17,2022-03-28 08:20:45.467,14690.74,14692.24
509,2022-03-28 05:20:48.246000,14688.1,14690.0,2022-03-28 08:20:48.747,14690.74,14692.24
510,2022-03-28 05:20:50.465000,14688.1,14690.0,2022-03-28 08:20:50.547,14690.99,14692.49
511,2022-03-28 05:20:52.318000,14688.1,14690.0,2022-03-28 08:20:52.869,14690.99,14692.49
512,2022-03-28 05:20:54.953000,14688.22,14690.12,2022-03-28 08:20:55.039,14691.24,14692.74
513,2022-03-28 05:20:55.954000,14688.29,14690.19,2022-03-28 08:20:56.458,14691.24,14692.74
514,2022-03-28 05:20:55.954000,14688.29,14690.19,2022-03-28 08:20:59.154,14690.99,14692.49
515,2022-03-28 05:20:59.665000,14688.1,14690.0,2022-03-28 08:21:01.011,14690.99,14692.49
516,2022-03-28 05:21:02.812000,14688.31,14690.21,2022-03-28 08:21:03.380,14691.49,14692.99
517,2022-03-28 05:21:05.088000,14688.89,14690.79,2022-03-28 08:21:05.118,14691.49,14692.99
518,2022-03-28 05:21:07.132000,14688.89,14690.79,2022-03-28 08:21:07.225,14691.49,14692.99
519,2022-03-28 05:21:09.312000,14688.89,14690.79,2022-03-28 08:21:09.355,14691.49,14692.99
520,2022-03-28 05:21:11.266000,14688.72,14690.62,2022-03-28 08:21:11.333,14691.24,14692.74
521,2022-03-28 05:21:11.266000,14688.72,14690.62,2022-03-28 08:21:13.513,14691.49,14692.99
522,2022-03-28 05:21:11.266000,14688.72,14690.62,2022-03-28 08:21:15.909,14691.49,14692.99
523,2022-03-28 05:21:11.266000,14688.72,14690.62,2022-03-28 08:21:16.842,14691.49,14692.99
524,2022-03-28 05:21:20.021000,14688.85,14690.75,2022-03-28 08:21:20.273,14691.74,14693.24
525,2022-03-28 05:21:21.249000,14689.1,14691.0,2022-03-28 08:21:21.252,14691.49,14692.99
526,2022-03-28 05:21:21.249000,14689.1,14691.0,2022-03-28 08:21:24.569,14691.24,14692.74
527,2022-03-28 05:21:25.864000,14688.64,14690.54,2022-03-28 08:21:25.950,14691.24,14692.74
528,2022-03-28 05:21:28.542000,14688.6,14690.5,2022-03-28 08:21:28.571,14691.49,14692.99
529,2022-03-28 05:21:30.377000,14688.55,14690.45,2022-03-28 08:21:30.405,14691.74,14693.24
530,2022-03-28 05:21:30.377000,14688.55,14690.45,2022-03-28 08:21:32.735,14691.74,14693.24
531,2022-03-28 05:21:33.360000,14688.54,14690.44,2022-03-28 08:21:34.630,14691.49,14692.99
532,2022-03-28 05:21:35.159000,14688.85,14690.75,2022-03-28 08:21:37.034,14692.49,14693.99
533,2022-03-28 05:21:38.549000,14689.72,14691.62,2022-03-28 08:21:38.899,14692.49,14693.99
534,2022-03-28 05:21:40.608000,14689.16,14691.06,2022-03-28 08:21:40.622,14691.74,14693.24
535,2022-03-28 05:21:44.834000,14689.22,14691.12,2022-03-28 08:21:45.203,14691.99,14693.49
536,2022-03-28 05:21:46.972000,14689.47,14691.37,2022-03-28 08:21:47.046,14692.24,14693.74
537,2022-03-28 05:21:46.972000,14689.47,14691.37,2022-03-28 08:21:49.355,14692.24,14693.74
538,2022-03-28 05:21:46.972000,14689.47,14691.37,2022-03-28 08:21:51.154,14692.24,14693.74
539,2022-03-28 05:21:52.820000,14689.6,14691.5,2022-03-28 08:21:53.365,14692.24,14693.74
540,2022-03-28 05:21:54.800000,14689.41,14691.31,2022-03-28 08:21:54.828,14692.49,14693.99
541,2022-03-28 05:21:54.800000,14689.41,14691.31,2022-03-28 08:21:57.042,14692.49,14693.99
542,2022-03-28 05:21:54.800000,14689.41,14691.31,2022-03-28 08:21:57.838,14692.49,14693.99
543,2022-03-28 05:21:54.800000,14689.41,14691.31,2022-03-28 08:22:00.320,14692.49,14693.99
544,2022-03-28 05:22:03.362000,14689.77,14691.67,2022-03-28 08:22:03.386,14692.74,14694.24
545,2022-03-28 05:22:05.446000,14689.54,14691.44,2022-03-28 08:22:05.574,14692.49,14693.99
546,2022-03-28 05:22:07,14690.17,14692.07,2022-03-28 08:22:07.657,14693.24,14694.74
547,2022-03-28 05:22:09.984000,14690.14,14692.04,2022-03-28 08:22:10.012,14692.74,14694.24
548,2022-03-28 05:22:10.676000,14690.1,14692.0,2022-03-28 08:22:12.037,14692.99,14694.49
549,2022-03-28 05:22:13.380000,14689.85,14691.75,2022-03-28 08:22:13.467,14692.74,14694.24
550,2022-03-28 05:22:13.380000,14689.85,14691.75,2022-03-28 08:22:13.467,14692.74,14694.24
551,2022-03-28 05:22:17.901000,14689.91,14691.81,2022-03-28 08:22:18.298,14692.74,14694.24
552,2022-03-28 05:22:19.979000,14690.02,14691.92,2022-03-28 08:22:20.276,14692.99,14694.49
553,2022-03-28 05:22:20.593000,14690.1,14692.0,2022-03-28 08:22:20.644,14692.99,14694.49
554,2022-03-28 05:22:24.046000,14690.1,14692.0,2022-03-28 08:22:24.224,14692.99,14694.49
555,2022-03-28 05:22:24.198000,14690.02,14691.92,2022-03-28 08:22:26.429,14692.99,14694.49
556,2022-03-28 05:22:27.246000,14690.12,14692.02,2022-03-28 08:22:27.289,14692.99,14694.49
557,2022-03-28 05:22:30.489000,14690.06,14691.96,2022-03-28 08:22:30.648,14692.74,14694.24
558,2022-03-28 05:22:32.348000,14690.1,14692.0,2022-03-28 08:22:32.384,14692.74,14694.24
559,2022-03-28 05:22:36.245000,14689.57,14691.47,2022-03-28 08:22:36.265,14692.24,14693.74
560,2022-03-28 05:22:38.620000,14688.89,14690.79,2022-03-28 08:22:38.693,14691.49,14692.99
561,2022-03-28 05:22:40.626000,14688.22,14690.12,2022-03-28 08:22:41.161,14690.74,14692.24
562,2022-03-28 05:22:42.295000,14688.22,14690.12,2022-03-28 08:22:43.316,14690.99,14692.49
563,2022-03-28 05:22:45.997000,14688.14,14690.04,2022-03-28 08:22:46.023,14690.74,14692.24
564,2022-03-28 05:22:48.943000,14687.9,14689.8,2022-03-28 08:22:49.544,14690.74,14692.24
565,2022-03-28 05:22:50.474000,14687.64,14689.54,2022-03-28 08:22:51.292,14690.74,14692.24
566,2022-03-28 05:22:52.883000,14687.87,14689.77,2022-03-28 08:22:53.515,14690.74,14692.24
567,2022-03-28 05:22:55.517000,14687.87,14689.77,2022-03-28 08:22:55.648,14690.74,14692.24
568,2022-03-28 05:22:56.297000,14687.81,14689.71,2022-03-28 08:22:57.495,14690.74,14692.24
569,2022-03-28 05:22:58.807000,14687.87,14689.77,2022-03-28 08:22:58.867,14690.74,14692.24
570,2022-03-28 05:23:01.416000,14689.22,14691.12,2022-03-28 08:23:01.598,14691.99,14693.49
571,2022-03-28 05:23:01.416000,14689.22,14691.12,2022-03-28 08:23:03.815,14691.99,14693.49
572,2022-03-28 05:23:05.506000,14689.35,14691.25,2022-03-28 08:23:05.527,14692.24,14693.74
573,2022-03-28 05:23:07.413000,14689.47,14691.37,2022-03-28 08:23:07.437,14691.99,14693.49
574,2022-03-28 05:23:08.156000,14689.32,14691.22,2022-03-28 08:23:09.835,14691.99,14693.49
575,2022-03-28 05:23:11.665000,14688.97,14690.87,2022-03-28 08:23:11.910,14691.74,14693.24
576,2022-03-28 05:23:14.271000,14689.14,14691.04,2022-03-28 08:23:14.301,14691.24,14692.74
577,2022-03-28 05:23:15.733000,14688.72,14690.62,2022-03-28 08:23:15.760,14691.74,14693.24
578,2022-03-28 05:23:19.441000,14688.94,14690.84,2022-03-28 08:23:20.660,14691.74,14693.24
579,2022-03-28 05:23:20.578000,14688.85,14690.75,2022-03-28 08:23:22.970,14691.74,14693.24
580,2022-03-28 05:23:24.086000,14688.43,14690.33,2022-03-28 08:23:24.833,14691.74,14693.24
581,2022-03-28 05:23:26.121000,14688.72,14690.62,2022-03-28 08:23:26.709,14691.49,14692.99
582,2022-03-28 05:23:28.473000,14688.72,14690.62,2022-03-28 08:23:28.996,14691.49,14692.99
583,2022-03-28 05:23:28.473000,14688.72,14690.62,2022-03-28 08:23:30.761,14691.24,14692.74
584,2022-03-28 05:23:31.752000,14688.72,14690.62,2022-03-28 08:23:31.832,14691.24,14692.74
585,2022-03-28 05:23:31.752000,14688.72,14690.62,2022-03-28 08:23:35.123,14691.49,14692.99
586,2022-03-28 05:23:37.440000,14689.31,14691.21,2022-03-28 08:23:37.617,14692.24,14693.74
587,2022-03-28 05:23:39.477000,14689.35,14691.25,2022-03-28 08:23:39.538,14691.99,14693.49
588,2022-03-28 05:23:41.008000,14689.39,14691.29,2022-03-28 08:23:41.801,14692.24,14693.74
589,2022-03-28 05:23:41.781000,14689.56,14691.46,2022-03-28 08:23:43.953,14692.24,14693.74
590,2022-03-28 05:23:44.445000,14689.56,14691.46,2022-03-28 08:23:44.859,14692.24,14693.74
591,2022-03-28 05:23:47.121000,14689.6,14691.5,2022-03-28 08:23:47.200,14692.49,14693.99
592,2022-03-28 05:23:47.121000,14689.6,14691.5,2022-03-28 08:23:49.892,14692.49,14693.99
593,2022-03-28 05:23:50.468000,14690.35,14692.25,2022-03-28 08:23:50.532,14693.24,14694.74
594,2022-03-28 05:23:53.089000,14690.97,14692.87,2022-03-28 08:23:53.744,14693.49,14694.99
595,2022-03-28 05:23:57.467000,14690.76,14692.66,2022-03-28 08:23:57.547,14693.49,14694.99
596,2022-03-28 05:23:59.425000,14690.81,14692.71,2022-03-28 08:24:00.076,14693.74,14695.24
597,2022-03-28 05:24:04.039000,14691.89,14693.79,2022-03-28 08:24:04.074,14694.49,14695.99
598,2022-03-28 05:24:05.948000,14692.35,14694.25,2022-03-28 08:24:06.014,14694.99,14696.49
599,2022-03-28 05:24:07.605000,14692.69,14694.59,2022-03-28 08:24:08.104,14695.49,14696.99
600,2022-03-28 05:24:09.726000,14693.32,14695.22,2022-03-28 08:24:10.462,14695.99,14697.49
601,2022-03-28 05:24:12.011000,14693.35,14695.25,2022-03-28 08:24:12.221,14695.99,14697.49
602,2022-03-28 05:24:14.047000,14693.07,14694.97,2022-03-28 08:24:14.459,14695.24,14696.74
603,2022-03-28 05:24:16.084000,14692.39,14694.29,2022-03-28 08:24:16.103,14694.99,14696.49
604,2022-03-28 05:24:18.412000,14692.35,14694.25,2022-03-28 08:24:18.440,14694.99,14696.49
605,2022-03-28 05:24:19.983000,14692.39,14694.29,2022-03-28 08:24:20.850,14694.99,14696.49
606,2022-03-28 05:24:21.108000,14692.06,14693.96,2022-03-28 08:24:22.841,14695.24,14696.74
607,2022-03-28 05:24:23.407000,14692.06,14693.96,2022-03-28 08:24:24.522,14694.99,14696.49
608,2022-03-28 05:24:26.458000,14692.17,14694.07,2022-03-28 08:24:27.017,14694.99,14696.49
609,2022-03-28 05:24:28.323000,14693.47,14695.37,2022-03-28 08:24:28.384,14696.24,14697.74
610,2022-03-28 05:24:30.649000,14693.35,14695.25,2022-03-28 08:24:30.786,14695.99,14697.49
611,2022-03-28 05:24:32.964000,14693.72,14695.62,2022-03-28 08:24:33.030,14696.49,14697.99
612,2022-03-28 05:24:34.082000,14694.47,14696.37,2022-03-28 08:24:35.272,14697.49,14698.99
613,2022-03-28 05:24:36.949000,14695.39,14697.29,2022-03-28 08:24:37.113,14698.24,14699.74
614,2022-03-28 05:24:38.249000,14695.66,14697.56,2022-03-28 08:24:39.152,14698.74,14700.24
615,2022-03-28 05:24:40.615000,14695.47,14697.37,2022-03-28 08:24:40.978,14698.24,14699.74
616,2022-03-28 05:24:42.586000,14695.14,14697.04,2022-03-28 08:24:43.333,14698.24,14699.74
617,2022-03-28 05:24:45.366000,14695.39,14697.29,2022-03-28 08:24:45.393,14697.99,14699.49
618,2022-03-28 05:24:47.129000,14695.37,14697.27,2022-03-28 08:24:47.851,14698.24,14699.74
619,2022-03-28 05:24:48.764000,14695.41,14697.31,2022-03-28 08:24:49.738,14698.24,14699.74
620,2022-03-28 05:24:50.625000,14695.6,14697.5,2022-03-28 08:24:50.629,14698.49,14699.99
621,2022-03-28 05:24:53.223000,14696.47,14698.37,2022-03-28 08:24:53.279,14698.99,14700.49
622,2022-03-28 05:25:00.043000,14696.12,14698.02,2022-03-28 08:25:00.264,14699.49,14700.99
623,2022-03-28 05:25:01.971000,14696.81,14698.71,2022-03-28 08:25:02.055,14700.49,14701.99
624,2022-03-28 05:25:04.227000,14697.85,14699.75,2022-03-28 08:25:04.901,14700.49,14701.99
625,2022-03-28 05:25:06.463000,14697.35,14699.25,2022-03-28 08:25:06.645,14699.99,14701.49
626,2022-03-28 05:25:08.940000,14696.35,14698.25,2022-03-28 08:25:09.200,14698.49,14699.99
627,2022-03-28 05:25:11.388000,14695.47,14697.37,2022-03-28 08:25:11.723,14698.24,14699.74
628,2022-03-28 05:25:13.235000,14695.47,14697.37,2022-03-28 08:25:14.052,14697.99,14699.49
629,2022-03-28 05:25:15.389000,14695.39,14697.29,2022-03-28 08:25:15.415,14697.99,14699.49
630,2022-03-28 05:25:16.440000,14695.35,14697.25,2022-03-28 08:25:17.659,14698.24,14699.74
631,2022-03-28 05:25:19.200000,14695.22,14697.12,2022-03-28 08:25:19.439,14697.99,14699.49
632,2022-03-28 05:25:20.145000,14695.1,14697.0,2022-03-28 08:25:20.964,14697.74,14699.24
633,2022-03-28 05:25:23.788000,14694.89,14696.79,2022-03-28 08:25:23.880,14697.49,14698.99
634,2022-03-28 05:25:25.339000,14694.89,14696.79,2022-03-28 08:25:26.083,14697.49,14698.99
635,2022-03-28 05:25:27.238000,14694.54,14696.44,2022-03-28 08:25:27.517,14696.99,14698.49
636,2022-03-28 05:25:30.549000,14694.47,14696.37,2022-03-28 08:25:30.628,14697.49,14698.99
637,2022-03-28 05:25:32.515000,14695.42,14697.32,2022-03-28 08:25:32.814,14698.24,14699.74
638,2022-03-28 05:25:34.945000,14695.72,14697.62,2022-03-28 08:25:35.032,14698.49,14699.99
639,2022-03-28 05:25:36.618000,14695.1,14697.0,2022-03-28 08:25:36.749,14697.74,14699.24
640,2022-03-28 05:25:39.012000,14695.06,14696.96,2022-03-28 08:25:39.037,14697.49,14698.99
641,2022-03-28 05:25:39.488000,14695.35,14697.25,2022-03-28 08:25:39.526,14698.24,14699.74
642,2022-03-28 05:25:43.036000,14695.1,14697.0,2022-03-28 08:25:43.075,14697.99,14699.49
643,2022-03-28 05:25:44.223000,14695.1,14697.0,2022-03-28 08:25:44.251,14697.74,14699.24
644,2022-03-28 05:25:46.244000,14695.6,14697.5,2022-03-28 08:25:47.290,14698.49,14699.99
645,2022-03-28 05:25:49.050000,14696.17,14698.07,2022-03-28 08:25:49.292,14698.74,14700.24
646,2022-03-28 05:25:49.108000,14695.97,14697.87,2022-03-28 08:25:51.241,14698.74,14700.24
647,2022-03-28 05:25:49.108000,14695.97,14697.87,2022-03-28 08:25:52.875,14698.74,14700.24
648,2022-03-28 05:25:49.108000,14695.97,14697.87,2022-03-28 08:25:52.875,14698.74,14700.24
649,2022-03-28 05:25:57.121000,14696.16,14698.06,2022-03-28 08:25:57.327,14699.24,14700.74
650,2022-03-28 05:25:59.101000,14696.64,14698.54,2022-03-28 08:25:59.194,14699.24,14700.74
651,2022-03-28 05:26:01.694000,14696.62,14698.52,2022-03-28 08:26:01.740,14699.49,14700.99
652,2022-03-28 05:26:02.914000,14696.62,14698.52,2022-03-28 08:26:04.212,14699.74,14701.24
653,2022-03-28 05:26:05.997000,14696.89,14698.79,2022-03-28 08:26:06.069,14699.99,14701.49
654,2022-03-28 05:26:07.299000,14697.39,14699.29,2022-03-28 08:26:07.372,14700.24,14701.74
655,2022-03-28 05:26:10.009000,14697.12,14699.02,2022-03-28 08:26:10.262,14699.99,14701.49
656,2022-03-28 05:26:14.035000,14696.47,14698.37,2022-03-28 08:26:14.482,14699.99,14701.49
657,2022-03-28 05:26:15.577000,14697.01,14698.91,2022-03-28 08:26:15.607,14700.49,14701.99
658,2022-03-28 05:26:18.240000,14697.6,14699.5,2022-03-28 08:26:18.475,14700.49,14701.99
659,2022-03-28 05:26:19.953000,14697.47,14699.37,2022-03-28 08:26:19.982,14700.49,14701.99
660,2022-03-28 05:26:22.425000,14697.47,14699.37,2022-03-28 08:26:22.555,14700.49,14701.99
661,2022-03-28 05:26:24.247000,14697.47,14699.37,2022-03-28 08:26:24.619,14700.49,14701.99
662,2022-03-28 05:26:25.579000,14697.6,14699.5,2022-03-28 08:26:25.617,14700.49,14701.99
663,2022-03-28 05:26:28.491000,14698.58,14700.48,2022-03-28 08:26:28.889,14701.74,14703.24
664,2022-03-28 05:26:30.892000,14699.72,14701.62,2022-03-28 08:26:30.974,14702.49,14703.99
665,2022-03-28 05:26:32.359000,14700.04,14701.94,2022-03-28 08:26:33.476,14702.74,14704.24
666,2022-03-28 05:26:38.787000,14700.97,14702.87,2022-03-28 08:26:38.867,14703.24,14704.74
667,2022-03-28 05:26:40.606000,14700.18,14702.08,2022-03-28 08:26:41.724,14702.99,14704.49
668,2022-03-28 05:26:43.785000,14700.1,14702.0,2022-03-28 08:26:43.798,14702.99,14704.49
669,2022-03-28 05:26:46.412000,14700.1,14702.0,2022-03-28 08:26:46.422,14702.99,14704.49
670,2022-03-28 05:26:48.323000,14699.97,14701.87,2022-03-28 08:26:48.351,14702.99,14704.49
671,2022-03-28 05:26:53.013000,14699.1,14701.0,2022-03-28 08:26:53.398,14701.99,14703.49
672,2022-03-28 05:26:55.766000,14698.6,14700.5,2022-03-28 08:26:57.263,14701.49,14702.99
673,2022-03-28 05:26:59.477000,14697.97,14699.87,2022-03-28 08:26:59.669,14700.74,14702.24
674,2022-03-28 05:27:02.474000,14697.35,14699.25,2022-03-28 08:27:02.857,14699.99,14701.49
675,2022-03-28 05:27:05.260000,14697.72,14699.62,2022-03-28 08:27:05.346,14700.49,14701.99
676,2022-03-28 05:27:07.419000,14697.22,14699.12,2022-03-28 08:27:07.753,14700.74,14702.24
677,2022-03-28 05:27:09.344000,14697.66,14699.56,2022-03-28 08:27:09.401,14700.49,14701.99
678,2022-03-28 05:27:10.985000,14697.66,14699.56,2022-03-28 08:27:11.762,14700.49,14701.99
679,2022-03-28 05:27:13.452000,14697.66,14699.56,2022-03-28 08:27:13.476,14700.49,14701.99
680,2022-03-28 05:27:14.989000,14697.66,14699.56,2022-03-28 08:27:15.634,14700.49,14701.99
681,2022-03-28 05:27:16.080000,14697.77,14699.67,2022-03-28 08:27:17.168,14700.49,14701.99
682,2022-03-28 05:27:19.619000,14697.66,14699.56,2022-03-28 08:27:19.670,14700.49,14701.99
683,2022-03-28 05:27:21.725000,14697.66,14699.56,2022-03-28 08:27:21.741,14700.49,14701.99
684,2022-03-28 05:27:23.890000,14697.66,14699.56,2022-03-28 08:27:24.210,14700.49,14701.99
685,2022-03-28 05:27:25.132000,14697.62,14699.52,2022-03-28 08:27:25.172,14700.49,14701.99
686,2022-03-28 05:27:27.516000,14697.72,14699.62,2022-03-28 08:27:27.547,14700.49,14701.99
687,2022-03-28 05:27:29.791000,14697.39,14699.29,2022-03-28 08:27:29.870,14699.99,14701.49
688,2022-03-28 05:27:31.834000,14696.6,14698.5,2022-03-28 08:27:32.553,14699.24,14700.74
689,2022-03-28 05:27:33.462000,14696.72,14698.62,2022-03-28 08:27:33.489,14699.24,14700.74
690,2022-03-28 05:27:35.492000,14696.89,14698.79,2022-03-28 08:27:35.553,14700.24,14701.74
691,2022-03-28 05:27:38.461000,14697.31,14699.21,2022-03-28 08:27:38.732,14700.49,14701.99
692,2022-03-28 05:27:40.119000,14698.6,14700.5,2022-03-28 08:27:41.009,14701.49,14702.99
693,2022-03-28 05:27:42.840000,14698.72,14700.62,2022-03-28 08:27:42.846,14701.49,14702.99
694,2022-03-28 05:27:44.982000,14700.1,14702.0,2022-03-28 08:27:45.066,14702.99,14704.49
695,2022-03-28 05:27:46.834000,14700.1,14702.0,2022-03-28 08:27:47.107,14702.99,14704.49
696,2022-03-28 05:27:48.796000,14699.37,14701.27,2022-03-28 08:27:48.821,14702.24,14703.74
697,2022-03-28 05:27:49.984000,14699.22,14701.12,2022-03-28 08:27:51.156,14701.74,14703.24
698,2022-03-28 05:27:52.649000,14698.92,14700.82,2022-03-28 08:27:52.666,14701.99,14703.49
699,2022-03-28 05:27:54.986000,14699.1,14701.0,2022-03-28 08:27:55.011,14701.99,14703.49
700,2022-03-28 05:27:57.052000,14698.85,14700.75,2022-03-28 08:27:57.316,14701.49,14702.99
701,2022-03-28 05:27:58.517000,14698.64,14700.54,2022-03-28 08:27:58.598,14701.49,14702.99
702,2022-03-28 05:28:00.908000,14697.85,14699.75,2022-03-28 08:28:01.374,14700.74,14702.24
703,2022-03-28 05:28:02.808000,14697.85,14699.75,2022-03-28 08:28:03.133,14700.49,14701.99
704,2022-03-28 05:28:03.900000,14697.64,14699.54,2022-03-28 08:28:05.515,14700.74,14702.24
705,2022-03-28 05:28:05.586000,14697.85,14699.75,2022-03-28 08:28:07.358,14699.99,14701.49
706,2022-03-28 05:28:08.791000,14697.39,14699.29,2022-03-28 08:28:09.630,14700.49,14701.99
707,2022-03-28 05:28:11.548000,14698.14,14700.04,2022-03-28 08:28:11.575,14700.74,14702.24
708,2022-03-28 05:28:13.115000,14697.72,14699.62,2022-03-28 08:28:13.476,14700.49,14701.99
709,2022-03-28 05:28:14.861000,14697.72,14699.62,2022-03-28 08:28:15.871,14700.49,14701.99
710,2022-03-28 05:28:17.359000,14697.64,14699.54,2022-03-28 08:28:17.418,14700.74,14702.24
711,2022-03-28 05:28:19.051000,14696.72,14698.62,2022-03-28 08:28:19.130,14699.74,14701.24
712,2022-03-28 05:28:20.179000,14696.64,14698.54,2022-03-28 08:28:21.966,14699.74,14701.24
713,2022-03-28 05:28:23.073000,14696.85,14698.75,2022-03-28 08:28:23.100,14699.74,14701.24
714,2022-03-28 05:28:23.073000,14696.85,14698.75,2022-03-28 08:28:25.780,14699.74,14701.24
715,2022-03-28 05:28:23.073000,14696.85,14698.75,2022-03-28 08:28:28.524,14699.74,14701.24
716,2022-03-28 05:28:30.510000,14695.97,14697.87,2022-03-28 08:28:30.757,14698.74,14700.24
717,2022-03-28 05:28:32.028000,14696.14,14698.04,2022-03-28 08:28:32.742,14698.99,14700.49
718,2022-03-28 05:28:33.879000,14695.57,14697.78,2022-03-28 08:28:35.003,14697.99,14699.49
719,2022-03-28 05:28:36.486000,14695.72,14697.62,2022-03-28 08:28:36.971,14698.74,14700.24
720,2022-03-28 05:28:36.486000,14695.72,14697.62,2022-03-28 08:28:38.514,14698.74,14700.24
721,2022-03-28 05:28:40.134000,14695.97,14697.87,2022-03-28 08:28:40.838,14698.74,14700.24
722,2022-03-28 05:28:40.134000,14695.97,14697.87,2022-03-28 08:28:40.838,14698.74,14700.24
723,2022-03-28 05:28:44.414000,14695.85,14697.75,2022-03-28 08:28:45.015,14698.49,14699.99
724,2022-03-28 05:28:47.046000,14695.85,14697.75,2022-03-28 08:28:47.075,14698.49,14699.99
725,2022-03-28 05:28:48.722000,14696.14,14698.04,2022-03-28 08:28:49.360,14698.74,14700.24
726,2022-03-28 05:28:51.119000,14696.14,14698.04,2022-03-28 08:28:52.023,14698.49,14699.99
727,2022-03-28 05:28:54.045000,14695.39,14697.29,2022-03-28 08:28:54.277,14697.74,14699.24
728,2022-03-28 05:28:56.012000,14695.85,14697.75,2022-03-28 08:28:56.038,14698.74,14700.24
729,2022-03-28 05:28:57.278000,14695.56,14697.46,2022-03-28 08:28:57.289,14698.49,14699.99
730,2022-03-28 05:28:59.590000,14695.97,14697.87,2022-03-28 08:28:59.962,14698.74,14700.24
731,2022-03-28 05:29:01.948000,14695.6,14697.5,2022-03-28 08:29:01.974,14698.49,14699.99
732,2022-03-28 05:29:03.901000,14694.64,14696.54,2022-03-28 08:29:04.280,14697.99,14699.49
733,2022-03-28 05:29:06.431000,14695.85,14697.75,2022-03-28 08:29:06.691,14698.49,14699.99
734,2022-03-28 05:29:07.597000,14695.79,14697.69,2022-03-28 08:29:07.617,14698.74,14700.24
735,2022-03-28 05:29:10.134000,14695.6,14697.5,2022-03-28 08:29:10.184,14698.24,14699.74
736,2022-03-28 05:29:12.178000,14695.6,14697.5,2022-03-28 08:29:12.869,14698.74,14700.24
737,2022-03-28 05:29:13.463000,14696.35,14698.25,2022-03-28 08:29:15.133,14698.99,14700.49
738,2022-03-28 05:29:17.005000,14695.97,14697.87,2022-03-28 08:29:17.245,14699.24,14700.74
739,2022-03-28 05:29:18.672000,14694.82,14696.72,2022-03-28 08:29:19.256,14697.99,14699.49
740,2022-03-28 05:29:19.900000,14695.72,14697.62,2022-03-28 08:29:20.577,14698.74,14700.24
741,2022-03-28 05:29:23.008000,14696.85,14698.75,2022-03-28 08:29:23.169,14699.49,14700.99
742,2022-03-28 05:29:24.667000,14698.14,14700.04,2022-03-28 08:29:25.204,14700.24,14701.74
743,2022-03-28 05:29:26.733000,14697.81,14699.71,2022-03-28 08:29:27.284,14700.74,14702.24
744,2022-03-28 05:29:29.410000,14697.97,14699.87,2022-03-28 08:29:29.626,14700.49,14701.99
745,2022-03-28 05:29:33.523000,14697.64,14699.54,2022-03-28 08:29:33.552,14700.74,14702.24
746,2022-03-28 05:29:35.549000,14697.85,14699.75,2022-03-28 08:29:35.662,14700.74,14702.24
747,2022-03-28 05:29:37.322000,14697.85,14699.75,2022-03-28 08:29:37.721,14700.24,14701.74
748,2022-03-28 05:29:39.478000,14697.35,14699.25,2022-03-28 08:29:40.012,14699.74,14701.24
749,2022-03-28 05:29:41.384000,14696.72,14698.62,2022-03-28 08:29:42.333,14699.2,14700.8
750,2022-03-28 05:29:43.589000,14696.91,14698.81,2022-03-28 08:29:43.605,14699.24,14700.74
751,2022-03-28 05:29:46.016000,14696.04,14697.94,2022-03-28 08:29:46.049,14699.24,14700.74
752,2022-03-28 05:29:47.682000,14696.04,14697.94,2022-03-28 08:29:48.220,14698.99,14700.49
753,2022-03-28 05:29:49.223000,14695.97,14697.87,2022-03-28 08:29:49.866,14698.74,14700.24
754,2022-03-28 05:29:51.793000,14696.14,14698.04,2022-03-28 08:29:52.664,14699.24,14700.74
755,2022-03-28 05:29:54.657000,14695.97,14697.87,2022-03-28 08:29:55.354,14698.24,14699.74
756,2022-03-28 05:29:56.464000,14695.39,14697.29,2022-03-28 08:29:58.405,14698.24,14699.74
757,2022-03-28 05:30:00.989000,14695.81,14697.71,2022-03-28 08:30:01.327,14698.24,14699.74
758,2022-03-28 05:30:05.045000,14696.02,14697.92,2022-03-28 08:30:05.276,14698.74,14700.24
759,2022-03-28 05:30:09.769000,14695.1,14697.0,2022-03-28 08:30:10.195,14697.74,14699.24
760,2022-03-28 05:30:12.041000,14696.1,14698.0,2022-03-28 08:30:12.255,14698.49,14699.99
761,2022-03-28 05:30:14.241000,14696.35,14698.25,2022-03-28 08:30:14.262,14699.24,14700.74
762,2022-03-28 05:30:17.054000,14696.39,14698.29,2022-03-28 08:30:17.084,14698.99,14700.49
763,2022-03-28 05:30:18.779000,14696.31,14698.21,2022-03-28 08:30:18.806,14699.24,14700.74
764,2022-03-28 05:30:21.431000,14697.35,14699.25,2022-03-28 08:30:21.849,14700.24,14701.74
765,2022-03-28 05:30:23.820000,14696.87,14698.77,2022-03-28 08:30:24.565,14699.49,14700.99
766,2022-03-28 05:30:25.450000,14696.64,14698.54,2022-03-28 08:30:25.982,14699.24,14700.74
767,2022-03-28 05:30:29.602000,14696.6,14698.5,2022-03-28 08:30:30.440,14699.74,14701.24
768,2022-03-28 05:30:32.044000,14696.97,14698.87,2022-03-28 08:30:32.849,14699.49,14700.99
769,2022-03-28 05:30:35.031000,14697.14,14699.04,2022-03-28 08:30:35.146,14700.24,14701.74
770,2022-03-28 05:30:36.262000,14697.47,14699.37,2022-03-28 08:30:36.295,14700.24,14701.74
771,2022-03-28 05:30:36.262000,14697.47,14699.37,2022-03-28 08:30:36.295,14700.24,14701.74
772,2022-03-28 05:30:42.556000,14698.16,14700.06,2022-03-28 08:30:42.584,14700.74,14702.24
773,2022-03-28 05:30:44.996000,14697.85,14699.75,2022-03-28 08:30:45.044,14700.74,14702.24
774,2022-03-28 05:30:47.583000,14697.72,14699.62,2022-03-28 08:30:47.657,14700.49,14701.99
775,2022-03-28 05:30:50.339000,14697.6,14699.5,2022-03-28 08:30:50.365,14700.49,14701.99
776,2022-03-28 05:30:52.983000,14697.47,14699.37,2022-03-28 08:30:53.172,14700.24,14701.74
777,2022-03-28 05:30:54.932000,14696.64,14698.54,2022-03-28 08:30:55.162,14699.74,14701.24
778,2022-03-28 05:30:57.421000,14696.64,14698.54,2022-03-28 08:30:57.496,14699.49,14700.99
779,2022-03-28 05:30:59.335000,14696.47,14698.37,2022-03-28 08:30:59.627,14699.24,14700.74
780,2022-03-28 05:31:01.876000,14697.22,14699.12,2022-03-28 08:31:02.113,14699.99,14701.49
781,2022-03-28 05:31:02.981000,14698.1,14700.0,2022-03-28 08:31:03.798,14700.99,14702.49
782,2022-03-28 05:31:08.908000,14698.6,14700.5,2022-03-28 08:31:08.988,14701.24,14702.74
783,2022-03-28 05:31:09.531000,14698.42,14700.32,2022-03-28 08:31:11.385,14701.24,14702.74
784,2022-03-28 05:31:12.359000,14698.47,14700.37,2022-03-28 08:31:12.406,14701.24,14702.74
785,2022-03-28 05:31:15.745000,14698.31,14700.21,2022-03-28 08:31:16.055,14701.24,14702.74
786,2022-03-28 05:31:17.623000,14698.97,14700.87,2022-03-28 08:31:17.662,14701.99,14703.49
787,2022-03-28 05:31:20.326000,14699.6,14701.5,2022-03-28 08:31:20.666,14702.24,14703.74
788,2022-03-28 05:31:22.723000,14699.47,14701.37,2022-03-28 08:31:22.780,14702.24,14703.74
789,2022-03-28 05:31:25.454000,14699.97,14701.87,2022-03-28 08:31:25.527,14702.99,14704.49
790,2022-03-28 05:31:27.172000,14700.22,14702.12,2022-03-28 08:31:27.646,14703.49,14704.99
791,2022-03-28 05:31:28.785000,14700.47,14702.37,2022-03-28 08:31:28.998,14703.24,14704.74
792,2022-03-28 05:31:31.517000,14700.56,14702.46,2022-03-28 08:31:32.635,14702.74,14704.24
793,2022-03-28 05:31:35.049000,14700.1,14702.0,2022-03-28 08:31:35.067,14702.99,14704.49
794,2022-03-28 05:31:37.552000,14699.89,14701.79,2022-03-28 08:31:37.563,14702.49,14703.99
795,2022-03-28 05:31:39.529000,14699.39,14701.29,2022-03-28 08:31:39.810,14701.99,14703.49
796,2022-03-28 05:31:41.964000,14698.35,14700.25,2022-03-28 08:31:41.996,14701.24,14702.74
797,2022-03-28 05:31:43.947000,14698.39,14700.29,2022-03-28 08:31:44.154,14700.99,14702.49
798,2022-03-28 05:31:45.518000,14698.39,14700.29,2022-03-28 08:31:45.546,14700.99,14702.49
799,2022-03-28 05:31:46.769000,14698.35,14700.25,2022-03-28 08:31:48.889,14700.99,14702.49
800,2022-03-28 05:31:50.700000,14698.1,14700.0,2022-03-28 08:31:50.867,14700.99,14702.49
801,2022-03-28 05:31:52.909000,14698.39,14700.29,2022-03-28 08:31:52.939,14701.24,14702.74
802,2022-03-28 05:31:54.037000,14698.47,14700.37,2022-03-28 08:31:54.089,14701.24,14702.74
803,2022-03-28 05:31:56.516000,14698.6,14700.5,2022-03-28 08:31:57.957,14701.24,14702.74
804,2022-03-28 05:31:59.147000,14698.62,14700.52,2022-03-28 08:32:00.119,14701.49,14702.99
805,2022-03-28 05:32:04.163000,14697.62,14699.52,2022-03-28 08:32:04.397,14700.74,14702.24
806,2022-03-28 05:32:06.257000,14697.81,14699.71,2022-03-28 08:32:06.777,14700.74,14702.24
807,2022-03-28 05:32:08.968000,14697.97,14699.87,2022-03-28 08:32:09.026,14700.99,14702.49
808,2022-03-28 05:32:10.287000,14697.85,14699.75,2022-03-28 08:32:10.631,14700.74,14702.24
809,2022-03-28 05:32:13.301000,14697.89,14699.79,2022-03-28 08:32:13.430,14700.49,14701.99
810,2022-03-28 05:32:13.301000,14697.89,14699.79,2022-03-28 08:32:13.430,14700.49,14701.99
811,2022-03-28 05:32:13.301000,14697.89,14699.79,2022-03-28 08:32:13.430,14700.49,14701.99
812,2022-03-28 05:32:20.542000,14697.68,14699.58,2022-03-28 08:32:20.734,14700.49,14701.99
813,2022-03-28 05:32:23.024000,14697.35,14699.25,2022-03-28 08:32:23.053,14700.24,14701.74
814,2022-03-28 05:32:25.005000,14697.1,14699.0,2022-03-28 08:32:25.086,14699.99,14701.49
815,2022-03-28 05:32:27.085000,14696.97,14698.87,2022-03-28 08:32:27.783,14700.24,14701.74
816,2022-03-28 05:32:29.886000,14697.1,14699.0,2022-03-28 08:32:29.920,14699.74,14701.24
817,2022-03-28 05:32:34.902000,14696.72,14698.62,2022-03-28 08:32:35.074,14699.74,14701.24
818,2022-03-28 05:32:35.444000,14696.72,14698.62,2022-03-28 08:32:37.490,14700.24,14701.74
819,2022-03-28 05:32:38.833000,14697.39,14699.29,2022-03-28 08:32:38.863,14700.24,14701.74
820,2022-03-28 05:32:41.138000,14698.16,14700.06,2022-03-28 08:32:41.643,14701.49,14702.99
821,2022-03-28 05:32:43.539000,14698.47,14700.37,2022-03-28 08:32:43.816,14701.24,14702.74
822,2022-03-28 05:32:45.001000,14698.64,14700.54,2022-03-28 08:32:45.090,14701.99,14703.49
823,2022-03-28 05:32:45.001000,14698.64,14700.54,2022-03-28 08:32:46.784,14701.99,14703.49
824,2022-03-28 05:32:54.385000,14699.06,14700.96,2022-03-28 08:32:54.629,14701.99,14703.49
825,2022-03-28 05:32:54.385000,14699.06,14700.96,2022-03-28 08:32:57.349,14701.74,14703.24
826,2022-03-28 05:32:58.594000,14698.64,14700.54,2022-03-28 08:32:58.843,14700.74,14702.24
827,2022-03-28 05:32:59.784000,14698.1,14700.0,2022-03-28 08:32:59.877,14701.49,14702.99
828,2022-03-28 05:33:03.030000,14698.64,14700.54,2022-03-28 08:33:03.046,14701.24,14702.74
829,2022-03-28 05:33:06.405000,14698.06,14699.96,2022-03-28 08:33:06.436,14700.99,14702.49
830,2022-03-28 05:33:08.137000,14697.97,14699.87,2022-03-28 08:33:08.225,14700.74,14702.24
831,2022-03-28 05:33:09.757000,14698.08,14699.98,2022-03-28 08:33:09.819,14700.49,14701.99
832,2022-03-28 05:33:09.757000,14698.08,14699.98,2022-03-28 08:33:09.819,14700.49,14701.99
833,2022-03-28 05:33:09.757000,14698.08,14699.98,2022-03-28 08:33:09.819,14700.49,14701.99
834,2022-03-28 05:33:09.757000,14698.08,14699.98,2022-03-28 08:33:09.819,14700.49,14701.99
835,2022-03-28 05:33:19.742000,14697.1,14699.0,2022-03-28 08:33:19.937,14699.99,14701.49
836,2022-03-28 05:33:21.345000,14696.72,14698.62,2022-03-28 08:33:21.429,14698.99,14700.49
837,2022-03-28 05:33:26.008000,14695.72,14697.62,2022-03-28 08:33:26.625,14698.49,14699.99
838,2022-03-28 05:33:28.850000,14695.1,14697.0,2022-03-28 08:33:28.927,14697.99,14699.49
839,2022-03-28 05:33:30.977000,14695.06,14696.96,2022-03-28 08:33:31.414,14697.74,14699.24
840,2022-03-28 05:33:33.096000,14695.31,14697.21,2022-03-28 08:33:33.712,14697.99,14699.49
841,2022-03-28 05:33:34.969000,14695.31,14697.21,2022-03-28 08:33:35.048,14698.24,14699.74
842,2022-03-28 05:33:38.031000,14696.1,14698.0,2022-03-28 08:33:38.060,14698.99,14700.49
843,2022-03-28 05:33:40.522000,14696.07,14698.28,2022-03-28 08:33:40.550,14698.95,14700.55
844,2022-03-28 05:33:42.800000,14696.56,14698.46,2022-03-28 08:33:43.098,14698.99,14700.49
845,2022-03-28 05:33:45.211000,14695.97,14697.87,2022-03-28 08:33:45.764,14698.49,14699.99
846,2022-03-28 05:33:46.818000,14696.35,14698.25,2022-03-28 08:33:47.709,14698.99,14700.49
847,2022-03-28 05:33:48.260000,14696.14,14698.04,2022-03-28 08:33:48.287,14698.74,14700.24
848,2022-03-28 05:33:51.596000,14696.06,14697.96,2022-03-28 08:33:52.429,14698.49,14699.99
849,2022-03-28 05:33:54.467000,14695.81,14697.71,2022-03-28 08:33:54.498,14698.74,14700.24
850,2022-03-28 05:33:56.379000,14695.81,14697.71,2022-03-28 08:33:56.778,14698.49,14699.99
851,2022-03-28 05:33:58.615000,14695.64,14697.54,2022-03-28 08:33:58.643,14698.49,14699.99
852,2022-03-28 05:34:00.875000,14695.81,14697.71,2022-03-28 08:34:01.614,14698.74,14700.24
853,2022-03-28 05:34:03.261000,14695.85,14697.75,2022-03-28 08:34:03.331,14698.74,14700.24
854,2022-03-28 05:34:05.715000,14695.72,14697.62,2022-03-28 08:34:06.123,14698.74,14700.24
855,2022-03-28 05:34:07.725000,14695.72,14697.62,2022-03-28 08:34:07.744,14698.49,14699.99
856,2022-03-28 05:34:10.122000,14695.57,14697.78,2022-03-28 08:34:10.788,14698.74,14700.24
857,2022-03-28 05:34:12.480000,14695.72,14697.62,2022-03-28 08:34:12.565,14698.24,14699.74
858,2022-03-28 05:34:14.419000,14695.6,14697.5,2022-03-28 08:34:15.344,14698.24,14699.74
859,2022-03-28 05:34:19.463000,14695.06,14696.96,2022-03-28 08:34:19.750,14697.74,14699.24
860,2022-03-28 05:34:22.015000,14695.06,14696.96,2022-03-28 08:34:22.027,14698.24,14699.74
861,2022-03-28 05:34:22.015000,14695.06,14696.96,2022-03-28 08:34:24.218,14698.49,14699.99
862,2022-03-28 05:34:24.132000,14695.56,14697.46,2022-03-28 08:34:24.796,14698.49,14699.99
863,2022-03-28 05:34:24.132000,14695.56,14697.46,2022-03-28 08:34:24.796,14698.49,14699.99
864,2022-03-28 05:34:29.639000,14695.6,14697.5,2022-03-28 08:34:31.343,14698.49,14699.99
865,2022-03-28 05:34:33.257000,14695.47,14697.37,2022-03-28 08:34:33.287,14698.24,14699.74
866,2022-03-28 05:34:35.281000,14695.97,14697.87,2022-03-28 08:34:35.818,14698.49,14699.99
867,2022-03-28 05:34:37.457000,14695.35,14697.25,2022-03-28 08:34:37.878,14697.99,14699.49
868,2022-03-28 05:34:39.977000,14695.07,14696.97,2022-03-28 08:34:40.006,14697.74,14699.24
869,2022-03-28 05:34:42.286000,14695.06,14696.96,2022-03-28 08:34:42.484,14697.99,14699.49
870,2022-03-28 05:34:43.038000,14695.14,14697.04,2022-03-28 08:34:45.200,14697.99,14699.49
871,2022-03-28 05:34:46.497000,14695.31,14697.21,2022-03-28 08:34:47.294,14697.74,14699.24
872,2022-03-28 05:34:47.212000,14695.1,14697.0,2022-03-28 08:34:47.294,14697.74,14699.24
873,2022-03-28 05:34:51.005000,14695.06,14696.96,2022-03-28 08:34:51.056,14697.99,14699.49
874,2022-03-28 05:34:53.172000,14695.1,14697.0,2022-03-28 08:34:53.259,14697.99,14699.49
875,2022-03-28 05:34:55.692000,14695.1,14697.0,2022-03-28 08:34:55.854,14697.74,14699.24
876,2022-03-28 05:34:58.130000,14694.97,14696.87,2022-03-28 08:34:58.640,14697.74,14699.24
877,2022-03-28 05:35:00.115000,14694.89,14696.79,2022-03-28 08:35:00.773,14697.24,14698.74
878,2022-03-28 05:35:03.301000,14692.81,14694.71,2022-03-28 08:35:03.742,14695.49,14696.99
879,2022-03-28 05:35:05.611000,14693.6,14695.5,2022-03-28 08:35:05.652,14696.49,14697.99
880,2022-03-28 05:35:09.936000,14693.85,14695.75,2022-03-28 08:35:10.374,14696.74,14698.24
881,2022-03-28 05:35:12.279000,14693.27,14695.17,2022-03-28 08:35:12.744,14695.99,14697.49
882,2022-03-28 05:35:14.535000,14693.27,14695.17,2022-03-28 08:35:14.552,14695.74,14697.24
883,2022-03-28 05:35:16.667000,14693.1,14695.0,2022-03-28 08:35:16.777,14695.99,14697.49
884,2022-03-28 05:35:20.882000,14692.85,14694.75,2022-03-28 08:35:20.941,14695.49,14696.99
885,2022-03-28 05:35:23.918000,14692.56,14694.46,2022-03-28 08:35:24.402,14695.24,14696.74
886,2022-03-28 05:35:23.918000,14692.56,14694.46,2022-03-28 08:35:24.402,14695.24,14696.74
887,2022-03-28 05:35:28.949000,14691.14,14693.04,2022-03-28 08:35:29.260,14693.99,14695.49
888,2022-03-28 05:35:31.425000,14691.16,14693.06,2022-03-28 08:35:31.479,14693.99,14695.49
889,2022-03-28 05:35:32.909000,14690.39,14692.29,2022-03-28 08:35:33.861,14693.24,14694.74
890,2022-03-28 05:35:34.125000,14690.47,14692.37,2022-03-28 08:35:36.157,14693.24,14694.74
891,2022-03-28 05:35:38.026000,14692.1,14694.0,2022-03-28 08:35:38.106,14694.99,14696.49
892,2022-03-28 05:35:40.120000,14692.12,14694.02,2022-03-28 08:35:40.636,14694.99,14696.49
893,2022-03-28 05:35:42.418000,14691.85,14693.75,2022-03-28 08:35:42.448,14694.49,14695.99
894,2022-03-28 05:35:44.183000,14691.72,14693.62,2022-03-28 08:35:45.465,14694.49,14695.99
895,2022-03-28 05:35:47.551000,14691.06,14692.96,2022-03-28 08:35:47.681,14693.99,14695.49
896,2022-03-28 05:35:49.265000,14691.1,14693.0,2022-03-28 08:35:49.917,14693.74,14695.24
897,2022-03-28 05:35:51.271000,14690.35,14692.25,2022-03-28 08:35:52.152,14693.24,14694.74
898,2022-03-28 05:35:53.885000,14690.35,14692.25,2022-03-28 08:35:54.296,14693.24,14694.74
899,2022-03-28 05:35:55.390000,14690.35,14692.25,2022-03-28 08:35:56.484,14692.99,14694.49
900,2022-03-28 05:36:00.494000,14690.6,14692.5,2022-03-28 08:36:01.015,14693.24,14694.74
901,2022-03-28 05:36:01.976000,14690.31,14692.21,2022-03-28 08:36:02.065,14693.24,14694.74
902,2022-03-28 05:36:04.348000,14690.35,14692.25,2022-03-28 08:36:04.613,14693.24,14694.74
903,2022-03-28 05:36:09.233000,14686.47,14688.37,2022-03-28 08:36:09.705,14689.74,14691.24
904,2022-03-28 05:36:10.814000,14686.81,14688.71,2022-03-28 08:36:11.754,14689.49,14690.99
905,2022-03-28 05:36:13.417000,14686.97,14688.87,2022-03-28 08:36:13.888,14689.74,14691.24
906,2022-03-28 05:36:16.004000,14686.56,14688.46,2022-03-28 08:36:16.029,14689.24,14690.74
907,2022-03-28 05:36:17.884000,14686.22,14688.12,2022-03-28 08:36:18.725,14688.74,14690.24
908,2022-03-28 05:36:19.310000,14685.85,14687.75,2022-03-28 08:36:19.997,14688.74,14690.24
909,2022-03-28 05:36:22.662000,14686.07,14687.97,2022-03-28 08:36:23.235,14688.24,14689.74
910,2022-03-28 05:36:24.406000,14685.72,14687.62,2022-03-28 08:36:25.441,14687.74,14689.24
911,2022-03-28 05:36:27.555000,14685.07,14686.97,2022-03-28 08:36:27.591,14687.49,14688.99
912,2022-03-28 05:36:29.497000,14684.04,14685.94,2022-03-28 08:36:30.060,14686.74,14688.24
913,2022-03-28 05:36:32.036000,14682.47,14684.37,2022-03-28 08:36:32.310,14685.49,14686.99
914,2022-03-28 05:36:34.428000,14682.6,14684.5,2022-03-28 08:36:34.528,14685.24,14686.74
915,2022-03-28 05:36:35.728000,14682.47,14684.37,2022-03-28 08:36:36.899,14685.24,14686.74
916,2022-03-28 05:36:38.227000,14682.64,14684.54,2022-03-28 08:36:38.255,14685.49,14686.99
917,2022-03-28 05:36:40.804000,14684.06,14685.96,2022-03-28 08:36:41.191,14685.99,14687.49
918,2022-03-28 05:36:42.809000,14683.35,14685.25,2022-03-28 08:36:43.259,14685.99,14687.49
919,2022-03-28 05:36:43.984000,14683.04,14684.94,2022-03-28 08:36:44.055,14685.74,14687.24
920,2022-03-28 05:36:46.514000,14683.04,14684.94,2022-03-28 08:36:48.567,14685.74,14687.24
921,2022-03-28 05:36:52.337000,14682.39,14684.29,2022-03-28 08:36:52.525,14685.24,14686.74
922,2022-03-28 05:36:54.322000,14676.82,14678.72,2022-03-28 08:36:54.649,14679.49,14680.99
923,2022-03-28 05:36:56.998000,14678.47,14680.37,2022-03-28 08:36:57.188,14680.74,14682.24
924,2022-03-28 05:36:58.934000,14678.56,14680.46,2022-03-28 08:36:59.314,14680.99,14682.49
925,2022-03-28 05:37:00.924000,14678.31,14680.21,2022-03-28 08:37:01.038,14681.24,14682.74
926,2022-03-28 05:37:06.044000,14677.14,14679.04,2022-03-28 08:37:06.073,14679.74,14681.24
927,2022-03-28 05:37:08.018000,14675.97,14677.87,2022-03-28 08:37:08.078,14678.74,14680.24
928,2022-03-28 05:37:10.407000,14674.91,14676.81,2022-03-28 08:37:11.013,14677.49,14678.99
929,2022-03-28 05:37:12.842000,14675.77,14677.67,2022-03-28 08:37:13.368,14678.24,14679.74
930,2022-03-28 05:37:15.500000,14676.1,14678.0,2022-03-28 08:37:15.529,14678.99,14680.49
931,2022-03-28 05:37:16.769000,14676.1,14678.0,2022-03-28 08:37:17.728,14678.99,14680.49
932,2022-03-28 05:37:19.737000,14676.6,14678.5,2022-03-28 08:37:19.834,14679.49,14680.99
933,2022-03-28 05:37:21.974000,14676.6,14678.5,2022-03-28 08:37:22.364,14679.49,14680.99
934,2022-03-28 05:37:24.482000,14676.51,14678.41,2022-03-28 08:37:24.508,14679.49,14680.99
935,2022-03-28 05:37:26.808000,14677.31,14679.21,2022-03-28 08:37:27.089,14679.99,14681.49
936,2022-03-28 05:37:29.003000,14677.31,14679.21,2022-03-28 08:37:29.414,14680.24,14681.74
937,2022-03-28 05:37:31.549000,14677.22,14679.12,2022-03-28 08:37:31.575,14679.99,14681.49
938,2022-03-28 05:37:32.889000,14677.06,14678.96,2022-03-28 08:37:33.810,14679.99,14681.49
939,2022-03-28 05:37:35.744000,14677.06,14678.96,2022-03-28 08:37:35.905,14679.99,14681.49
940,2022-03-28 05:37:37.979000,14677.06,14678.96,2022-03-28 08:37:38.395,14680.24,14681.74
941,2022-03-28 05:37:40.009000,14677.57,14679.47,2022-03-28 08:37:40.035,14680.49,14681.99
942,2022-03-28 05:37:42.172000,14677.37,14679.27,2022-03-28 08:37:42.211,14680.24,14681.74
943,2022-03-28 05:37:44.392000,14677.55,14679.45,2022-03-28 08:37:45.199,14680.49,14681.99
944,2022-03-28 05:37:47.417000,14677.82,14679.72,2022-03-28 08:37:47.473,14680.49,14681.99
945,2022-03-28 05:37:48.999000,14677.72,14679.62,2022-03-28 08:37:49.120,14680.74,14682.24
946,2022-03-28 05:37:51.691000,14677.72,14679.62,2022-03-28 08:37:52.323,14680.74,14682.24
947,2022-03-28 05:37:54.510000,14678.39,14680.29,2022-03-28 08:37:54.617,14681.24,14682.74
948,2022-03-28 05:37:55.288000,14678.22,14680.12,2022-03-28 08:37:56.374,14680.99,14682.49
949,2022-03-28 05:37:57.650000,14678.38,14680.28,2022-03-28 08:37:57.731,14680.49,14681.99
950,2022-03-28 05:38:00.733000,14676.89,14678.79,2022-03-28 08:38:01.151,14679.99,14681.49
951,2022-03-28 05:38:03.543000,14675.47,14677.37,2022-03-28 08:38:03.580,14678.24,14679.74
952,2022-03-28 05:38:05.508000,14671.1,14673.0,2022-03-28 08:38:05.837,14673.74,14675.24
953,2022-03-28 05:38:07.474000,14671.56,14673.46,2022-03-28 08:38:07.484,14674.24,14675.74
954,2022-03-28 05:38:09.921000,14672.52,14674.42,2022-03-28 08:38:10.320,14674.99,14676.49
955,2022-03-28 05:38:12.329000,14671.22,14673.12,2022-03-28 08:38:12.384,14673.99,14675.49
956,2022-03-28 05:38:13.365000,14670.89,14672.79,2022-03-28 08:38:14.736,14673.99,14675.49
957,2022-03-28 05:38:16.388000,14672.35,14674.25,2022-03-28 08:38:16.464,14674.99,14676.49
958,2022-03-28 05:38:18.328000,14671.91,14673.81,2022-03-28 08:38:18.761,14674.99,14676.49
959,2022-03-28 05:38:20.999000,14672.19,14674.09,2022-03-28 08:38:21.030,14674.74,14676.24
960,2022-03-28 05:38:22.907000,14671.97,14673.87,2022-03-28 08:38:23.460,14674.74,14676.24
961,2022-03-28 05:38:25.369000,14673.47,14675.37,2022-03-28 08:38:25.418,14676.49,14677.99
962,2022-03-28 05:38:27.132000,14673.72,14675.62,2022-03-28 08:38:27.907,14676.24,14677.74
963,2022-03-28 05:38:29.656000,14673.22,14675.12,2022-03-28 08:38:30.025,14675.99,14677.49
964,2022-03-28 05:38:29.656000,14673.22,14675.12,2022-03-28 08:38:31.302,14675.99,14677.49
965,2022-03-28 05:38:34.297000,14671.97,14673.87,2022-03-28 08:38:34.326,14674.74,14676.24
966,2022-03-28 05:38:36.103000,14671.81,14673.71,2022-03-28 08:38:36.169,14674.74,14676.24
967,2022-03-28 05:38:38.308000,14670.97,14672.87,2022-03-28 08:38:38.390,14673.99,14675.49
968,2022-03-28 05:38:41.477000,14670.66,14672.56,2022-03-28 08:38:41.618,14673.49,14674.99
969,2022-03-28 05:38:43.229000,14670.22,14672.12,2022-03-28 08:38:43.312,14672.99,14674.49
970,2022-03-28 05:38:46.050000,14671.47,14673.37,2022-03-28 08:38:46.276,14674.24,14675.74
971,2022-03-28 05:38:47.784000,14671.53,14673.43,2022-03-28 08:38:48.746,14674.74,14676.24
972,2022-03-28 05:38:49.430000,14671.85,14673.75,2022-03-28 08:38:50.843,14674.49,14675.99
973,2022-03-28 05:38:53.051000,14672.02,14673.92,2022-03-28 08:38:53.384,14674.49,14675.99
974,2022-03-28 05:38:56.026000,14673.1,14675.0,2022-03-28 08:38:56.078,14675.99,14677.49
975,2022-03-28 05:38:58.202000,14673.64,14675.54,2022-03-28 08:38:58.228,14676.24,14677.74
976,2022-03-28 05:39:01.039000,14674.85,14676.75,2022-03-28 08:39:01.064,14677.49,14678.99
977,2022-03-28 05:39:02.648000,14674.47,14676.37,2022-03-28 08:39:02.847,14677.24,14678.74
978,2022-03-28 05:39:05.324000,14674.1,14676.0,2022-03-28 08:39:05.644,14676.99,14678.49
979,2022-03-28 05:39:05.621000,14674.14,14676.04,2022-03-28 08:39:05.693,14676.74,14678.24
980,2022-03-28 05:39:09.909000,14673.97,14675.87,2022-03-28 08:39:10.149,14676.74,14678.24
981,2022-03-28 05:39:12.051000,14673.97,14675.87,2022-03-28 08:39:12.078,14676.74,14678.24
982,2022-03-28 05:39:13.686000,14674.81,14676.71,2022-03-28 08:39:14.435,14677.49,14678.99
983,2022-03-28 05:39:18.127000,14674.41,14676.31,2022-03-28 08:39:18.154,14676.99,14678.49
984,2022-03-28 05:39:19.632000,14674.1,14676.0,2022-03-28 08:39:20.981,14676.74,14678.24
985,2022-03-28 05:39:23.015000,14674.22,14676.12,2022-03-28 08:39:23.339,14677.74,14679.24
986,2022-03-28 05:39:24.378000,14675.06,14676.96,2022-03-28 08:39:24.458,14677.59,14679.09
987,2022-03-28 05:39:27.533000,14679.14,14681.04,2022-03-28 08:39:27.827,14681.09,14682.59
988,2022-03-28 05:39:28.425000,14679.06,14680.96,2022-03-28 08:39:28.455,14681.59,14683.09
989,2022-03-28 05:39:32.042000,14678.35,14680.25,2022-03-28 08:39:32.221,14680.84,14682.34
990,2022-03-28 05:39:34.252000,14677.1,14679.0,2022-03-28 08:39:34.334,14679.34,14680.84
991,2022-03-28 05:39:36.548000,14677.32,14679.53,2022-03-28 08:39:36.575,14679.74,14681.24
992,2022-03-28 05:39:38.231000,14678.6,14680.5,2022-03-28 08:39:38.290,14680.84,14682.34
993,2022-03-28 05:39:39.919000,14678.47,14680.37,2022-03-28 08:39:41.388,14681.59,14683.09
994,2022-03-28 05:39:42.896000,14679.35,14681.25,2022-03-28 08:39:43.441,14683.09,14684.59
995,2022-03-28 05:39:45.475000,14680.31,14682.21,2022-03-28 08:39:45.502,14682.49,14683.99
996,2022-03-28 05:39:47.956000,14678.97,14680.87,2022-03-28 08:39:48.130,14681.34,14682.84
997,2022-03-28 05:39:49.971000,14678.35,14680.25,2022-03-28 08:39:50.442,14680.59,14682.09
998,2022-03-28 05:39:52.263000,14677.47,14679.37,2022-03-28 08:39:52.988,14680.09,14681.59
999,2022-03-28 05:39:53.990000,14677.72,14679.62,2022-03-28 08:39:55.116,14679.99,14681.49
1000,2022-03-28 05:39:55.504000,14677.56,14679.46,2022-03-28 08:39:57.656,14680.09,14681.59
1001,2022-03-28 05:39:59.280000,14677.69,14679.59,2022-03-28 08:39:59.737,14679.99,14681.49
1002,2022-03-28 05:40:01.304000,14678.31,14680.21,2022-03-28 08:40:01.953,14680.84,14682.34
1003,2022-03-28 05:40:04.020000,14678.57,14680.78,2022-03-28 08:40:04.442,14681.24,14682.74
1004,2022-03-28 05:40:05.970000,14678.85,14680.75,2022-03-28 08:40:06.855,14682.09,14683.59
1005,2022-03-28 05:40:08.342000,14678.64,14680.54,2022-03-28 08:40:09.089,14681.34,14682.84
1006,2022-03-28 05:40:10.013000,14678.72,14680.62,2022-03-28 08:40:10.032,14680.99,14682.49
1007,2022-03-28 05:40:13.427000,14678.47,14680.37,2022-03-28 08:40:13.477,14680.84,14682.34
1008,2022-03-28 05:40:14.672000,14678.72,14680.62,2022-03-28 08:40:15.640,14680.84,14682.34
1009,2022-03-28 05:40:18.012000,14677.81,14679.71,2022-03-28 08:40:18.258,14680.34,14681.84
1010,2022-03-28 05:40:19.971000,14678.22,14680.12,2022-03-28 08:40:20.740,14680.59,14682.09
1011,2022-03-28 05:40:22.278000,14678.35,14680.25,2022-03-28 08:40:22.403,14681.24,14682.74
1012,2022-03-28 05:40:24.530000,14678.31,14680.21,2022-03-28 08:40:25.255,14680.74,14682.24
1013,2022-03-28 05:40:27.221000,14677.97,14679.87,2022-03-28 08:40:27.310,14680.74,14682.24
1014,2022-03-28 05:40:28.259000,14678.1,14680.0,2022-03-28 08:40:28.345,14680.99,14682.49
1015,2022-03-28 05:40:31.545000,14678.22,14680.12,2022-03-28 08:40:32.013,14680.7,14682.3
1016,2022-03-28 05:40:33.766000,14676.35,14678.25,2022-03-28 08:40:34.086,14679.2,14680.8
1017,2022-03-28 05:40:36.019000,14675.97,14677.87,2022-03-28 08:40:36.086,14678.99,14680.49
1018,2022-03-28 05:40:37.851000,14677.82,14680.03,2022-03-28 08:40:37.878,14680.24,14681.74
1019,2022-03-28 05:40:40.175000,14677.47,14679.37,2022-03-28 08:40:40.927,14680.24,14681.74
1020,2022-03-28 05:40:44.830000,14678.35,14680.25,2022-03-28 08:40:44.865,14680.99,14682.49
1021,2022-03-28 05:40:47.499000,14677.6,14679.5,2022-03-28 08:40:47.576,14680.24,14681.74
1022,2022-03-28 05:40:48.930000,14677.1,14679.0,2022-03-28 08:40:49.090,14679.74,14681.24
1023,2022-03-28 05:40:50.920000,14676.85,14678.75,2022-03-28 08:40:51.502,14679.74,14681.24
1024,2022-03-28 05:40:53.990000,14676.85,14678.75,2022-03-28 08:40:54.071,14679.49,14680.99
1025,2022-03-28 05:40:55.945000,14676.89,14678.79,2022-03-28 08:40:55.972,14679.49,14680.99
1026,2022-03-28 05:40:56.632000,14676.72,14678.62,2022-03-28 08:40:58.597,14679.49,14680.99
1027,2022-03-28 05:41:00.017000,14676.62,14678.52,2022-03-28 08:41:00.097,14679.49,14680.99
1028,2022-03-28 05:41:02.940000,14676.56,14678.46,2022-03-28 08:41:03.019,14678.99,14680.49
1029,2022-03-28 05:41:05.471000,14676.35,14678.25,2022-03-28 08:41:05.528,14679.24,14680.74
1030,2022-03-28 05:41:06.224000,14676.31,14678.21,2022-03-28 08:41:06.528,14679.24,14680.74
1031,2022-03-28 05:41:08.835000,14676.22,14678.12,2022-03-28 08:41:10.293,14678.99,14680.49
1032,2022-03-28 05:41:08.835000,14676.22,14678.12,2022-03-28 08:41:11.386,14678.99,14680.49
1033,2022-03-28 05:41:14.510000,14676.31,14678.21,2022-03-28 08:41:14.547,14679.24,14680.74
1034,2022-03-28 05:41:16.996000,14676.72,14678.62,2022-03-28 08:41:17.078,14679.24,14680.74
1035,2022-03-28 05:41:18.930000,14676.37,14678.27,2022-03-28 08:41:19.004,14678.74,14680.24
1036,2022-03-28 05:41:20.605000,14676.8,14678.7,2022-03-28 08:41:20.668,14678.99,14680.49
1037,2022-03-28 05:41:23.183000,14676.47,14678.37,2022-03-28 08:41:23.232,14679.49,14680.99
1038,2022-03-28 05:41:25.333000,14675.81,14677.71,2022-03-28 08:41:25.751,14678.49,14679.99
1039,2022-03-28 05:41:27.327000,14675.81,14677.71,2022-03-28 08:41:28.026,14678.49,14679.99
1040,2022-03-28 05:41:27.999000,14675.76,14677.66,2022-03-28 08:41:30.279,14678.49,14679.99
1041,2022-03-28 05:41:32.111000,14675.81,14677.71,2022-03-28 08:41:32.133,14678.74,14680.24
1042,2022-03-28 05:41:33.843000,14676.1,14678.0,2022-03-28 08:41:34.743,14678.99,14680.49
1043,2022-03-28 05:41:36.922000,14676.1,14678.0,2022-03-28 08:41:37.006,14678.74,14680.24
1044,2022-03-28 05:41:39.019000,14675.6,14677.5,2022-03-28 08:41:39.169,14678.49,14679.99
1045,2022-03-28 05:41:40.397000,14675.72,14677.62,2022-03-28 08:41:40.428,14678.74,14680.24
1046,2022-03-28 05:41:42.353000,14676.1,14678.0,2022-03-28 08:41:42.433,14678.74,14680.24
1047,2022-03-28 05:41:45.522000,14675.85,14677.75,2022-03-28 08:41:45.754,14678.24,14679.74
1048,2022-03-28 05:41:47.248000,14675.72,14677.62,2022-03-28 08:41:47.715,14678.74,14680.24
1049,2022-03-28 05:41:49.391000,14675.6,14677.5,2022-03-28 08:41:49.464,14678.24,14679.74
1050,2022-03-28 05:41:51.108000,14675.81,14677.71,2022-03-28 08:41:51.186,14678.49,14679.99
1051,2022-03-28 05:41:53.984000,14675.97,14677.87,2022-03-28 08:41:54.342,14678.49,14679.99
1052,2022-03-28 05:41:54.914000,14675.85,14677.75,2022-03-28 08:41:55.584,14678.74,14680.24
1053,2022-03-28 05:41:59.662000,14674.97,14676.87,2022-03-28 08:41:59.692,14677.99,14679.49
1054,2022-03-28 05:42:02.842000,14675.56,14677.46,2022-03-28 08:42:03.114,14678.24,14679.74
1055,2022-03-28 05:42:03.895000,14675.56,14677.46,2022-03-28 08:42:04.523,14678.49,14679.99
1056,2022-03-28 05:42:07.474000,14675.72,14677.62,2022-03-28 08:42:07.929,14678.49,14679.99
1057,2022-03-28 05:42:08.875000,14676.1,14678.0,2022-03-28 08:42:09.986,14678.99,14680.49
1058,2022-03-28 05:42:11.093000,14676.72,14678.62,2022-03-28 08:42:12.469,14679.74,14681.24
1059,2022-03-28 05:42:14.529000,14677.35,14679.25,2022-03-28 08:42:14.635,14680.49,14681.99
1060,2022-03-28 05:42:16.459000,14677.89,14679.79,2022-03-28 08:42:16.648,14681.24,14682.74
1061,2022-03-28 05:42:18.471000,14677.97,14679.87,2022-03-28 08:42:19.084,14680.74,14682.24
1062,2022-03-28 05:42:21.031000,14678.32,14680.22,2022-03-28 08:42:21.117,14680.99,14682.49
1063,2022-03-28 05:42:23.234000,14678.22,14680.12,2022-03-28 08:42:23.671,14680.99,14682.49
1064,2022-03-28 05:42:25.180000,14678.64,14680.54,2022-03-28 08:42:25.684,14681.24,14682.74
1065,2022-03-28 05:42:28.033000,14677.35,14679.25,2022-03-28 08:42:28.115,14680.24,14681.74
1066,2022-03-28 05:42:29.881000,14677.35,14679.25,2022-03-28 08:42:29.898,14680.24,14681.74
1067,2022-03-28 05:42:31.901000,14677.82,14679.72,2022-03-28 08:42:32.258,14680.49,14681.99
1068,2022-03-28 05:42:38.049000,14678.22,14680.12,2022-03-28 08:42:38.870,14681.24,14682.74
1069,2022-03-28 05:42:41.369000,14677.89,14679.79,2022-03-28 08:42:41.446,14680.74,14682.24
1070,2022-03-28 05:42:43.364000,14675.47,14677.37,2022-03-28 08:42:43.842,14678.49,14679.99
1071,2022-03-28 05:42:44.944000,14675.47,14677.37,2022-03-28 08:42:45.039,14677.99,14679.49
1072,2022-03-28 05:42:48.490000,14675.47,14677.37,2022-03-28 08:42:48.660,14678.49,14679.99
1073,2022-03-28 05:42:51.012000,14674.85,14676.75,2022-03-28 08:42:51.298,14677.49,14678.99
1074,2022-03-28 05:42:53.020000,14674.72,14676.62,2022-03-28 08:42:53.481,14677.74,14679.24
1075,2022-03-28 05:42:55.041000,14674.62,14676.52,2022-03-28 08:42:55.793,14677.49,14678.99
1076,2022-03-28 05:42:57.257000,14675.56,14677.46,2022-03-28 08:42:57.288,14678.49,14679.99
1077,2022-03-28 05:42:59.890000,14675.89,14677.79,2022-03-28 08:43:00.319,14678.49,14679.99
1078,2022-03-28 05:43:01.787000,14675.6,14677.5,2022-03-28 08:43:02.477,14677.99,14679.49
1079,2022-03-28 05:43:03.843000,14675.6,14677.5,2022-03-28 08:43:03.925,14678.24,14679.74
1080,2022-03-28 05:43:05.781000,14675.66,14677.56,2022-03-28 08:43:06.600,14677.99,14679.49
1081,2022-03-28 05:43:09.029000,14675.35,14677.25,2022-03-28 08:43:09.318,14677.74,14679.24
1082,2022-03-28 05:43:10.393000,14674.97,14676.87,2022-03-28 08:43:10.460,14677.49,14678.99
1083,2022-03-28 05:43:11.598000,14674.97,14676.87,2022-03-28 08:43:13.211,14677.74,14679.24
1084,2022-03-28 05:43:14.436000,14674.97,14676.87,2022-03-28 08:43:14.467,14677.49,14678.99
1085,2022-03-28 05:43:17.205000,14674.97,14676.87,2022-03-28 08:43:17.726,14677.49,14678.99
1086,2022-03-28 05:43:18.749000,14674.79,14676.69,2022-03-28 08:43:18.829,14677.24,14678.74
1087,2022-03-28 05:43:22.158000,14675.47,14677.37,2022-03-28 08:43:22.329,14678.49,14679.99
1088,2022-03-28 05:43:23.378000,14675.85,14677.75,2022-03-28 08:43:23.810,14678.74,14680.24
