,FXCM Time,FXCM Bid,FXCM Ask,FxPro Time,FxPro bidopen,FxPro askopen
0,2022-03-28 16:05:36.052000,14766.9,14768.2,2022-03-28 19:05:36.548,14769.27,14770.42
1,2022-03-28 16:05:39.041000,14765.15,14766.45,2022-03-28 19:05:39.323,14768.27,14769.42
2,2022-03-28 16:05:41.493000,14764.96,14766.26,2022-03-28 19:05:41.549,14767.52,14768.67
3,2022-03-28 16:05:43.418000,14765.27,14766.57,2022-03-28 19:05:44.003,14767.77,14768.92
4,2022-03-28 16:05:46.016000,14764.71,14766.01,2022-03-28 19:05:46.245,14767.27,14768.42
5,2022-03-28 16:05:47.951000,14765.65,14766.95,2022-03-28 19:05:48.523,14769.52,14770.67
6,2022-03-28 16:05:49.839000,14767.19,14768.49,2022-03-28 19:05:50.703,14769.77,14770.92
7,2022-03-28 16:05:52.507000,14767.34,14768.64,2022-03-28 19:05:52.954,14769.77,14770.92
8,2022-03-28 16:05:54.471000,14767.02,14768.32,2022-03-28 19:05:55.050,14769.27,14770.42
9,2022-03-28 16:05:56.992000,14765.27,14766.57,2022-03-28 19:05:57.287,14768.02,14769.17
10,2022-03-28 16:05:59.042000,14764.92,14766.22,2022-03-28 19:05:59.636,14767.27,14768.42
11,2022-03-28 16:06:01.956000,14765.46,14766.76,2022-03-28 19:06:02.335,14768.27,14769.42
12,2022-03-28 16:06:07.535000,14763.59,14764.89,2022-03-28 19:06:07.850,14766.42,14767.57
13,2022-03-28 16:06:10.046000,14762.84,14764.14,2022-03-28 19:06:10.333,14765.42,14766.57
14,2022-03-28 16:06:12.052000,14762.77,14764.07,2022-03-28 19:06:12.514,14765.17,14766.32
15,2022-03-28 16:06:14.530000,14762.63,14763.93,2022-03-28 19:06:14.758,14765.17,14766.32
16,2022-03-28 16:06:17.056000,14763.42,14764.72,2022-03-28 19:06:17.217,14765.67,14766.82
17,2022-03-28 16:06:19.025000,14763.84,14765.14,2022-03-28 19:06:19.554,14766.42,14767.57
18,2022-03-28 16:06:22.525000,14763.69,14764.99,2022-03-28 19:06:22.750,14766.17,14767.32
19,2022-03-28 16:06:24.531000,14764.15,14765.45,2022-03-28 19:06:24.920,14766.67,14767.82
20,2022-03-28 16:06:29.552000,14764.02,14765.32,2022-03-28 19:06:29.868,14766.67,14767.82
21,2022-03-28 16:06:33.988000,14761.46,14762.76,2022-03-28 19:06:34.342,14763.92,14765.07
22,2022-03-28 16:06:36.482000,14761.77,14763.07,2022-03-28 19:06:36.734,14764.67,14765.82
23,2022-03-28 16:06:39.405000,14762.9,14764.2,2022-03-28 19:06:39.781,14765.67,14766.82
24,2022-03-28 16:06:41.906000,14764.1,14765.4,2022-03-28 19:06:42.191,14767.42,14768.57
25,2022-03-28 16:06:43.924000,14766.19,14767.49,2022-03-28 19:06:44.445,14768.17,14769.32
26,2022-03-28 16:06:46.482000,14767.27,14768.57,2022-03-28 19:06:46.861,14769.92,14771.07
27,2022-03-28 16:06:48.924000,14767.17,14768.47,2022-03-28 19:06:49.291,14769.42,14770.57
28,2022-03-28 16:06:50.990000,14766.94,14768.24,2022-03-28 19:06:51.531,14770.92,14772.07
29,2022-03-28 16:06:53.482000,14768.89,14770.19,2022-03-28 19:06:53.880,14772.42,14773.57
30,2022-03-28 16:06:56.013000,14768.62,14769.92,2022-03-28 19:06:56.356,14770.92,14772.07
31,2022-03-28 16:06:58.037000,14768.92,14770.22,2022-03-28 19:06:58.428,14771.67,14772.82
32,2022-03-28 16:07:00.322000,14768.12,14769.42,2022-03-28 19:07:00.807,14771.67,14772.82
33,2022-03-28 16:07:02.521000,14770.52,14771.82,2022-03-28 19:07:02.809,14773.42,14774.57
34,2022-03-28 16:07:04.544000,14770.34,14771.64,2022-03-28 19:07:04.612,14772.92,14774.07
35,2022-03-28 16:07:06.321000,14771.15,14772.45,2022-03-28 19:07:06.645,14773.92,14775.07
36,2022-03-28 16:07:08.410000,14771.21,14772.51,2022-03-28 19:07:08.682,14774.17,14775.32
37,2022-03-28 16:07:10.401000,14774.05,14775.35,2022-03-28 19:07:10.697,14776.42,14777.57
38,2022-03-28 16:07:12.502000,14772.52,14773.82,2022-03-28 19:07:12.774,14775.42,14776.57
39,2022-03-28 16:07:15.436000,14769.09,14770.39,2022-03-28 19:07:15.634,14771.92,14773.07
40,2022-03-28 16:07:17.468000,14768.77,14770.07,2022-03-28 19:07:17.642,14771.42,14772.57
41,2022-03-28 16:07:19.552000,14767.9,14769.2,2022-03-28 19:07:19.851,14770.92,14772.07
42,2022-03-28 16:07:22.014000,14767.46,14768.76,2022-03-28 19:07:22.398,14769.42,14770.57
43,2022-03-28 16:07:24.540000,14765.27,14766.57,2022-03-28 19:07:24.693,14767.67,14768.82
44,2022-03-28 16:07:26.550000,14763.46,14764.76,2022-03-28 19:07:26.785,14766.17,14767.32
45,2022-03-28 16:07:29.055000,14763.15,14764.45,2022-03-28 19:07:29.362,14766.42,14767.57
46,2022-03-28 16:07:31.527000,14764.36,14765.66,2022-03-28 19:07:31.699,14767.42,14768.57
47,2022-03-28 16:07:33.991000,14764.31,14765.61,2022-03-28 19:07:34.511,14767.17,14768.32
48,2022-03-28 16:07:35.847000,14763.4,14764.7,2022-03-28 19:07:36.519,14766.92,14768.07
49,2022-03-28 16:07:38.244000,14764.46,14765.76,2022-03-28 19:07:38.326,14766.92,14768.07
50,2022-03-28 16:07:40.519000,14764.17,14765.47,2022-03-28 19:07:40.695,14766.67,14767.82
51,2022-03-28 16:07:42.472000,14764.02,14765.32,2022-03-28 19:07:42.852,14766.92,14768.07
52,2022-03-28 16:07:44.544000,14765.82,14767.12,2022-03-28 19:07:44.842,14767.92,14769.07
53,2022-03-28 16:07:46.997000,14764.74,14766.04,2022-03-28 19:07:47.333,14767.17,14768.32
54,2022-03-28 16:07:49.500000,14764.24,14765.54,2022-03-28 19:07:49.690,14766.67,14767.82
55,2022-03-28 16:07:51.358000,14762.36,14763.66,2022-03-28 19:07:51.827,14765.42,14766.57
56,2022-03-28 16:07:53.537000,14762.9,14764.2,2022-03-28 19:07:53.749,14765.92,14767.07
57,2022-03-28 16:07:55.438000,14763.27,14764.57,2022-03-28 19:07:55.885,14765.92,14767.07
58,2022-03-28 16:07:57.508000,14762.62,14763.92,2022-03-28 19:07:57.922,14764.92,14766.07
59,2022-03-28 16:08:00.016000,14763.88,14765.18,2022-03-28 19:08:00.205,14766.67,14767.82
60,2022-03-28 16:08:01.911000,14763.84,14765.14,2022-03-28 19:08:02.354,14767.67,14768.82
61,2022-03-28 16:08:04.456000,14762.9,14764.2,2022-03-28 19:08:04.994,14765.17,14766.32
62,2022-03-28 16:08:07.008000,14759.4,14760.7,2022-03-28 19:08:07.309,14761.42,14762.57
63,2022-03-28 16:08:09.055000,14757.65,14758.95,2022-03-28 19:08:09.372,14760.67,14761.82
64,2022-03-28 16:08:10.778000,14757.45,14758.75,2022-03-28 19:08:11.451,14759.67,14760.82
65,2022-03-28 16:08:13.038000,14758.94,14760.24,2022-03-28 19:08:13.449,14761.42,14762.57
66,2022-03-28 16:08:15.049000,14758.61,14759.91,2022-03-28 19:08:15.547,14760.27,14761.42
67,2022-03-28 16:08:17.547000,14757.77,14759.07,2022-03-28 19:08:17.733,14759.77,14760.92
68,2022-03-28 16:08:19.423000,14757.4,14758.7,2022-03-28 19:08:19.757,14760.27,14761.42
69,2022-03-28 16:08:21.547000,14757.93,14759.23,2022-03-28 19:08:21.722,14760.27,14761.42
70,2022-03-28 16:08:23.533000,14759.87,14761.17,2022-03-28 19:08:23.809,14761.92,14763.07
71,2022-03-28 16:08:25.515000,14758.52,14759.82,2022-03-28 19:08:25.865,14761.17,14762.32
72,2022-03-28 16:08:27.551000,14758.15,14759.45,2022-03-28 19:08:28.011,14759.67,14760.82
73,2022-03-28 16:08:30.037000,14756.52,14757.82,2022-03-28 19:08:30.219,14758.92,14760.07
74,2022-03-28 16:08:32.033000,14755.72,14757.02,2022-03-28 19:08:32.260,14758.42,14759.57
75,2022-03-28 16:08:34.036000,14751.7,14753.0,2022-03-28 19:08:34.389,14754.17,14755.32
76,2022-03-28 16:08:36.048000,14751.17,14752.47,2022-03-28 19:08:36.480,14752.92,14754.07
77,2022-03-28 16:08:38.474000,14750.4,14751.7,2022-03-28 19:08:38.623,14753.17,14754.32
78,2022-03-28 16:08:40.340000,14751.11,14752.41,2022-03-28 19:08:40.860,14753.67,14754.82
79,2022-03-28 16:08:43.003000,14749.94,14751.24,2022-03-28 19:08:43.546,14751.67,14752.82
80,2022-03-28 16:08:45.553000,14749.4,14750.7,2022-03-28 19:08:46.016,14752.17,14753.32
81,2022-03-28 16:08:47.938000,14752.02,14753.32,2022-03-28 19:08:48.477,14755.42,14756.57
82,2022-03-28 16:08:50.479000,14755.65,14756.95,2022-03-28 19:08:50.743,14758.17,14759.32
83,2022-03-28 16:08:52.554000,14758.6,14759.9,2022-03-28 19:08:53.024,14761.42,14762.57
84,2022-03-28 16:08:54.872000,14757.52,14758.82,2022-03-28 19:08:55.211,14760.42,14761.57
85,2022-03-28 16:08:57.053000,14758.82,14760.12,2022-03-28 19:08:57.264,14761.42,14762.57
86,2022-03-28 16:08:58.884000,14758.77,14760.07,2022-03-28 19:08:59.264,14760.92,14762.07
87,2022-03-28 16:09:01.526000,14757.42,14758.72,2022-03-28 19:09:01.690,14759.92,14761.07
88,2022-03-28 16:09:03.439000,14755.59,14756.89,2022-03-28 19:09:03.831,14758.17,14759.32
89,2022-03-28 16:09:05.502000,14754.22,14755.52,2022-03-28 19:09:06.003,14755.92,14757.07
90,2022-03-28 16:09:08.039000,14750.44,14751.74,2022-03-28 19:09:08.545,14753.42,14754.57
91,2022-03-28 16:09:10.470000,14750.52,14751.82,2022-03-28 19:09:10.960,14752.92,14754.07
92,2022-03-28 16:09:12.537000,14750.81,14752.11,2022-03-28 19:09:13.001,14752.67,14753.82
93,2022-03-28 16:09:14.901000,14749.15,14750.45,2022-03-28 19:09:15.484,14752.17,14753.32
94,2022-03-28 16:09:17.111000,14749.77,14751.07,2022-03-28 19:09:17.592,14752.42,14753.57
95,2022-03-28 16:09:19.549000,14749.71,14751.01,2022-03-28 19:09:19.653,14752.92,14754.07
96,2022-03-28 16:09:21.532000,14752.15,14753.45,2022-03-28 19:09:21.599,14754.67,14755.82
97,2022-03-28 16:09:23.503000,14751.62,14752.92,2022-03-28 19:09:23.648,14754.17,14755.32
98,2022-03-28 16:09:25.310000,14751.15,14752.45,2022-03-28 19:09:25.854,14753.92,14755.07
99,2022-03-28 16:09:27.885000,14751.9,14753.2,2022-03-28 19:09:28.480,14754.92,14756.07
100,2022-03-28 16:09:30.486000,14749.27,14750.57,2022-03-28 19:09:30.702,14752.17,14753.32
101,2022-03-28 16:09:32.249000,14751.27,14752.57,2022-03-28 19:09:32.749,14753.67,14754.82
102,2022-03-28 16:09:34.345000,14752.36,14753.66,2022-03-28 19:09:34.789,14754.42,14755.57
103,2022-03-28 16:09:37.030000,14751.42,14752.72,2022-03-28 19:09:37.264,14753.67,14754.82
104,2022-03-28 16:09:38.990000,14750.92,14752.22,2022-03-28 19:09:39.481,14752.42,14753.57
105,2022-03-28 16:09:40.947000,14749.9,14751.2,2022-03-28 19:09:41.546,14752.17,14753.32
106,2022-03-28 16:09:44.029000,14749.38,14750.68,2022-03-28 19:09:44.194,14752.17,14753.32
107,2022-03-28 16:09:45.969000,14749.52,14750.82,2022-03-28 19:09:46.194,14752.17,14753.32
108,2022-03-28 16:09:47.636000,14750.3,14751.6,2022-03-28 19:09:48.194,14752.92,14754.07
109,2022-03-28 16:09:50.052000,14749.4,14750.7,2022-03-28 19:09:50.206,14752.42,14753.57
110,2022-03-28 16:09:52.031000,14751.12,14752.42,2022-03-28 19:09:52.377,14753.67,14754.82
111,2022-03-28 16:09:53.955000,14750.77,14752.07,2022-03-28 19:09:54.038,14753.42,14754.57
112,2022-03-28 16:09:55.957000,14750.87,14752.17,2022-03-28 19:09:56.336,14752.67,14753.82
113,2022-03-28 16:09:58.054000,14750.27,14751.57,2022-03-28 19:09:58.357,14753.07,14754.22
114,2022-03-28 16:10:00.464000,14751.02,14752.32,2022-03-28 19:10:00.617,14753.42,14754.57
115,2022-03-28 16:10:02.048000,14751.77,14753.07,2022-03-28 19:10:02.434,14754.42,14755.57
116,2022-03-28 16:10:04.488000,14750.52,14751.82,2022-03-28 19:10:04.661,14753.17,14754.32
117,2022-03-28 16:10:06.493000,14749.21,14750.51,2022-03-28 19:10:06.760,14752.42,14753.57
118,2022-03-28 16:10:08.551000,14749.65,14750.95,2022-03-28 19:10:08.976,14752.17,14753.32
119,2022-03-28 16:10:10.554000,14749.62,14750.92,2022-03-28 19:10:10.905,14751.92,14753.07
120,2022-03-28 16:10:12.487000,14749.4,14750.7,2022-03-28 19:10:13.048,14751.92,14753.07
121,2022-03-28 16:10:15.042000,14749.7,14751.0,2022-03-28 19:10:15.184,14752.17,14753.32
122,2022-03-28 16:10:16.977000,14749.22,14750.52,2022-03-28 19:10:17.408,14751.92,14753.07
123,2022-03-28 16:10:20,14750.4,14751.7,2022-03-28 19:10:20.440,14753.42,14754.57
124,2022-03-28 16:10:21.930000,14749.44,14750.74,2022-03-28 19:10:22.339,14751.92,14753.07
125,2022-03-28 16:10:23.992000,14747.92,14749.22,2022-03-28 19:10:24.371,14751.42,14752.57
126,2022-03-28 16:10:25.869000,14748.9,14750.2,2022-03-28 19:10:26.288,14751.67,14752.82
127,2022-03-28 16:10:28.031000,14749.36,14750.66,2022-03-28 19:10:28.415,14751.92,14753.07
128,2022-03-28 16:10:30.986000,14749.42,14750.72,2022-03-28 19:10:31.207,14752.17,14753.32
129,2022-03-28 16:10:39.035000,14743.65,14744.95,2022-03-28 19:10:39.441,14745.67,14746.82
130,2022-03-28 16:10:42.053000,14742.71,14744.01,2022-03-28 19:10:42.606,14745.42,14746.57
131,2022-03-28 16:10:44.260000,14742.84,14744.14,2022-03-28 19:10:44.678,14744.92,14746.07
132,2022-03-28 16:10:46.483000,14741.36,14742.66,2022-03-28 19:10:46.765,14743.67,14744.82
133,2022-03-28 16:10:48.186000,14742.9,14744.2,2022-03-28 19:10:48.915,14745.42,14746.57
134,2022-03-28 16:10:53.542000,14738.56,14739.86,2022-03-28 19:10:53.615,14741.17,14742.32
135,2022-03-28 16:10:55.794000,14738.27,14739.57,2022-03-28 19:10:56.190,14740.92,14742.07
136,2022-03-28 16:10:58.056000,14738.11,14739.41,2022-03-28 19:10:58.488,14741.17,14742.32
137,2022-03-28 16:11:03.043000,14736.87,14738.17,2022-03-28 19:11:03.585,14739.77,14740.92
138,2022-03-28 16:11:05.522000,14738.09,14739.39,2022-03-28 19:11:05.658,14740.27,14741.42
139,2022-03-28 16:11:07.538000,14739.35,14740.65,2022-03-28 19:11:07.833,14741.77,14742.92
140,2022-03-28 16:11:10.046000,14740.07,14741.37,2022-03-28 19:11:10.362,14742.02,14743.17
141,2022-03-28 16:11:11.988000,14739.52,14740.82,2022-03-28 19:11:12.546,14743.02,14744.17
142,2022-03-28 16:11:14.536000,14739.87,14741.17,2022-03-28 19:11:14.695,14741.77,14742.92
143,2022-03-28 16:11:16.515000,14738.09,14739.39,2022-03-28 19:11:16.721,14740.27,14741.42
144,2022-03-28 16:11:18.544000,14739.4,14740.7,2022-03-28 19:11:18.674,14742.02,14743.17
145,2022-03-28 16:11:20.554000,14739.84,14741.14,2022-03-28 19:11:20.716,14742.27,14743.42
146,2022-03-28 16:11:22.493000,14739.77,14741.07,2022-03-28 19:11:22.741,14742.02,14743.17
147,2022-03-28 16:11:24.504000,14740.4,14741.7,2022-03-28 19:11:24.876,14741.92,14743.07
148,2022-03-28 16:11:26.966000,14739.84,14741.14,2022-03-28 19:11:27.396,14741.92,14743.07
149,2022-03-28 16:11:29.179000,14738.62,14739.92,2022-03-28 19:11:29.657,14740.92,14742.07
150,2022-03-28 16:11:31.554000,14738.67,14739.97,2022-03-28 19:11:31.635,14741.42,14742.57
151,2022-03-28 16:11:35.250000,14736.69,14737.99,2022-03-28 19:11:35.896,14739.17,14740.32
152,2022-03-28 16:11:39.412000,14727.86,14729.16,2022-03-28 19:11:39.926,14730.92,14732.07
153,2022-03-28 16:11:41.545000,14730.49,14731.79,2022-03-28 19:11:41.975,14733.42,14734.57
154,2022-03-28 16:11:44.029000,14729.92,14731.22,2022-03-28 19:11:44.477,14731.92,14733.07
155,2022-03-28 16:11:46.544000,14729.52,14730.82,2022-03-28 19:11:46.665,14732.92,14734.07
156,2022-03-28 16:11:48.526000,14728.72,14730.02,2022-03-28 19:11:48.701,14731.57,14732.72
157,2022-03-28 16:11:50.557000,14726.27,14727.57,2022-03-28 19:11:50.811,14729.32,14730.47
158,2022-03-28 16:11:52.516000,14726.13,14727.43,2022-03-28 19:11:52.833,14729.57,14730.72
159,2022-03-28 16:11:54.513000,14727.11,14728.41,2022-03-28 19:11:54.865,14729.07,14730.22
160,2022-03-28 16:11:57.019000,14725.4,14726.7,2022-03-28 19:11:57.439,14729.32,14730.47
161,2022-03-28 16:11:59.537000,14725.65,14726.95,2022-03-28 19:11:59.571,14728.57,14729.72
162,2022-03-28 16:12:01.507000,14725.15,14726.45,2022-03-28 19:12:01.659,14728.32,14729.47
163,2022-03-28 16:12:03.509000,14725.87,14727.17,2022-03-28 19:12:03.584,14728.82,14729.97
164,2022-03-28 16:12:05.401000,14723.9,14725.2,2022-03-28 19:12:05.719,14726.32,14727.47
165,2022-03-28 16:12:08.434000,14723.95,14725.25,2022-03-28 19:12:08.657,14726.82,14727.97
166,2022-03-28 16:12:10.050000,14724.59,14725.89,2022-03-28 19:12:10.501,14727.32,14728.47
167,2022-03-28 16:12:12.024000,14723.92,14725.22,2022-03-28 19:12:12.434,14726.82,14727.97
168,2022-03-28 16:12:14.012000,14723.6,14724.9,2022-03-28 19:12:14.440,14726.57,14727.72
169,2022-03-28 16:12:15.990000,14724.86,14726.16,2022-03-28 19:12:16.383,14728.07,14729.22
170,2022-03-28 16:12:17.958000,14724.84,14726.14,2022-03-28 19:12:18.393,14727.07,14728.22
171,2022-03-28 16:12:22.055000,14724.27,14725.57,2022-03-28 19:12:22.429,14726.27,14727.42
172,2022-03-28 16:12:24.511000,14725.52,14726.82,2022-03-28 19:12:24.713,14728.27,14729.42
173,2022-03-28 16:12:26.510000,14726.65,14727.95,2022-03-28 19:12:26.992,14729.77,14730.92
174,2022-03-28 16:12:28.516000,14728.35,14729.65,2022-03-28 19:12:28.873,14730.77,14731.92
175,2022-03-28 16:12:31.052000,14729.52,14730.82,2022-03-28 19:12:31.182,14732.02,14733.17
176,2022-03-28 16:12:33.039000,14731.07,14732.37,2022-03-28 19:12:33.404,14733.27,14734.42
177,2022-03-28 16:12:35.001000,14732.0,14733.3,2022-03-28 19:12:35.421,14734.52,14735.67
178,2022-03-28 16:12:37.556000,14730.12,14731.42,2022-03-28 19:12:37.721,14732.02,14733.17
179,2022-03-28 16:12:39.513000,14731.7,14733.0,2022-03-28 19:12:39.826,14734.27,14735.42
180,2022-03-28 16:12:41.533000,14731.37,14732.67,2022-03-28 19:12:41.866,14733.77,14734.92
181,2022-03-28 16:12:45.532000,14726.15,14727.45,2022-03-28 19:12:45.771,14728.77,14729.92
182,2022-03-28 16:12:47.552000,14726.25,14727.55,2022-03-28 19:12:47.661,14729.02,14730.17
183,2022-03-28 16:12:49.555000,14725.65,14726.95,2022-03-28 19:12:49.655,14728.02,14729.17
184,2022-03-28 16:12:51.550000,14725.09,14726.39,2022-03-28 19:12:51.663,14727.02,14728.17
185,2022-03-28 16:12:53.537000,14724.94,14726.24,2022-03-28 19:12:53.695,14727.77,14728.92
186,2022-03-28 16:12:55.556000,14727.02,14728.32,2022-03-28 19:12:55.859,14729.77,14730.92
187,2022-03-28 16:12:57.547000,14728.11,14729.41,2022-03-28 19:12:57.994,14730.52,14731.67
188,2022-03-28 16:12:59.527000,14726.1,14727.4,2022-03-28 19:13:00.005,14728.52,14729.67
189,2022-03-28 16:13:01.554000,14728.27,14729.57,2022-03-28 19:13:02.069,14731.52,14732.67
190,2022-03-28 16:13:04.049000,14727.4,14728.7,2022-03-28 19:13:04.293,14729.27,14730.42
191,2022-03-28 16:13:06.500000,14729.6,14730.9,2022-03-28 19:13:06.647,14731.92,14733.07
192,2022-03-28 16:13:08.532000,14729.37,14730.67,2022-03-28 19:13:09,14731.92,14733.07
193,2022-03-28 16:13:10.785000,14730.52,14731.82,2022-03-28 19:13:11.207,14733.17,14734.32
194,2022-03-28 16:13:12.966000,14730.44,14731.74,2022-03-28 19:13:13.199,14733.32,14734.47
195,2022-03-28 16:13:15.029000,14730.9,14732.2,2022-03-28 19:13:15.449,14733.57,14734.72
196,2022-03-28 16:13:17.010000,14732.65,14733.95,2022-03-28 19:13:17.471,14735.57,14736.72
197,2022-03-28 16:13:18.921000,14731.65,14732.95,2022-03-28 19:13:19.482,14734.57,14735.72
198,2022-03-28 16:13:21.055000,14732.11,14733.41,2022-03-28 19:13:21.558,14734.82,14735.97
199,2022-03-28 16:13:23.055000,14733.37,14734.67,2022-03-28 19:13:23.517,14736.07,14737.22
200,2022-03-28 16:13:25.335000,14731.44,14732.74,2022-03-28 19:13:25.676,14734.57,14735.72
201,2022-03-28 16:13:28.036000,14730.15,14731.45,2022-03-28 19:13:28.219,14733.07,14734.22
202,2022-03-28 16:13:31.026000,14731.19,14732.49,2022-03-28 19:13:31.209,14734.07,14735.22
203,2022-03-28 16:13:32.999000,14731.65,14732.95,2022-03-28 19:13:33.563,14737.57,14738.72
204,2022-03-28 16:13:35.471000,14733.97,14735.27,2022-03-28 19:13:35.866,14738.07,14739.22
205,2022-03-28 16:13:37.551000,14735.52,14736.82,2022-03-28 19:13:37.878,14738.07,14739.22
206,2022-03-28 16:13:39.556000,14734.99,14736.29,2022-03-28 19:13:39.957,14737.67,14738.82
207,2022-03-28 16:13:42.056000,14735.2,14736.5,2022-03-28 19:13:42.189,14738.17,14739.32
208,2022-03-28 16:13:43.543000,14735.9,14737.2,2022-03-28 19:13:44.133,14738.67,14739.82
209,2022-03-28 16:13:45.957000,14736.32,14737.62,2022-03-28 19:13:46.211,14738.92,14740.07
210,2022-03-28 16:13:47.982000,14734.17,14735.47,2022-03-28 19:13:48.269,14737.17,14738.32
211,2022-03-28 16:13:50.017000,14735.02,14736.32,2022-03-28 19:13:50.202,14737.92,14739.07
212,2022-03-28 16:13:51.783000,14735.27,14736.57,2022-03-28 19:13:52.276,14737.92,14739.07
213,2022-03-28 16:13:54.049000,14735.02,14736.32,2022-03-28 19:13:54.335,14738.17,14739.32
214,2022-03-28 16:13:56.022000,14735.4,14736.7,2022-03-28 19:13:56.064,14738.17,14739.32
215,2022-03-28 16:13:58.018000,14736.02,14737.32,2022-03-28 19:13:58.288,14738.67,14739.82
216,2022-03-28 16:14:00.055000,14736.4,14737.7,2022-03-28 19:14:00.316,14739.17,14740.32
217,2022-03-28 16:14:01.981000,14735.15,14736.45,2022-03-28 19:14:02.274,14737.42,14738.57
218,2022-03-28 16:14:03.886000,14736.45,14737.75,2022-03-28 19:14:04.219,14739.17,14740.32
219,2022-03-28 16:14:06.043000,14735.27,14736.57,2022-03-28 19:14:06.162,14738.42,14739.57
220,2022-03-28 16:14:07.883000,14736.72,14738.02,2022-03-28 19:14:08.364,14738.67,14739.82
221,2022-03-28 16:14:09.843000,14733.46,14734.76,2022-03-28 19:14:10.432,14736.17,14737.32
222,2022-03-28 16:14:12.044000,14733.31,14734.61,2022-03-28 19:14:12.432,14735.42,14736.57
223,2022-03-28 16:14:14.049000,14732.65,14733.95,2022-03-28 19:14:14.445,14735.42,14736.57
224,2022-03-28 16:14:16.029000,14732.02,14733.32,2022-03-28 19:14:16.514,14734.17,14735.32
225,2022-03-28 16:14:18.534000,14732.02,14733.32,2022-03-28 19:14:18.746,14734.67,14735.82
226,2022-03-28 16:14:20.544000,14732.11,14733.41,2022-03-28 19:14:20.932,14734.42,14735.57
227,2022-03-28 16:14:23.018000,14730.69,14731.99,2022-03-28 19:14:23.183,14733.17,14734.32
228,2022-03-28 16:14:25.495000,14732.02,14733.32,2022-03-28 19:14:25.936,14734.67,14735.82
229,2022-03-28 16:14:28.041000,14731.69,14732.99,2022-03-28 19:14:28.095,14734.42,14735.57
230,2022-03-28 16:14:29.817000,14731.02,14732.32,2022-03-28 19:14:30.315,14733.92,14735.07
231,2022-03-28 16:14:32.043000,14731.85,14733.15,2022-03-28 19:14:32.326,14734.67,14735.82
232,2022-03-28 16:14:33.839000,14732.96,14734.26,2022-03-28 19:14:34.391,14735.67,14736.82
233,2022-03-28 16:14:35.963000,14733.4,14734.7,2022-03-28 19:14:36.397,14735.92,14737.07
234,2022-03-28 16:14:38.041000,14732.77,14734.07,2022-03-28 19:14:38.533,14735.67,14736.82
235,2022-03-28 16:14:40.501000,14732.94,14734.24,2022-03-28 19:14:40.583,14735.67,14736.82
236,2022-03-28 16:14:42.464000,14733.61,14734.91,2022-03-28 19:14:42.803,14736.42,14737.57
237,2022-03-28 16:14:45.054000,14732.94,14734.24,2022-03-28 19:14:45.105,14736.07,14737.22
238,2022-03-28 16:14:47.427000,14733.93,14735.23,2022-03-28 19:14:47.617,14736.82,14737.97
239,2022-03-28 16:14:49.346000,14733.67,14734.97,2022-03-28 19:14:49.884,14736.32,14737.47
240,2022-03-28 16:14:51.915000,14735.62,14736.92,2022-03-28 19:14:52.267,14738.32,14739.47
241,2022-03-28 16:14:54.022000,14735.27,14736.57,2022-03-28 19:14:54.326,14738.07,14739.22
242,2022-03-28 16:14:56.023000,14733.62,14734.92,2022-03-28 19:14:56.344,14736.57,14737.72
243,2022-03-28 16:14:57.924000,14733.62,14734.92,2022-03-28 19:14:58.412,14736.57,14737.72
244,2022-03-28 16:15:02.039000,14731.36,14732.66,2022-03-28 19:15:02.404,14734.32,14735.47
245,2022-03-28 16:15:04.517000,14736.77,14738.07,2022-03-28 19:15:04.709,14739.32,14740.47
246,2022-03-28 16:15:06.497000,14738.21,14739.51,2022-03-28 19:15:06.779,14741.07,14742.22
247,2022-03-28 16:15:10.001000,14737.52,14738.82,2022-03-28 19:15:10.376,14740.2,14742.3
248,2022-03-28 16:15:12.036000,14738.65,14739.95,2022-03-28 19:15:12.462,14741.45,14743.05
249,2022-03-28 16:15:13.993000,14735.15,14736.45,2022-03-28 19:15:14.334,14738.32,14739.47
250,2022-03-28 16:15:15.804000,14736.09,14737.39,2022-03-28 19:15:16.469,14738.07,14739.22
251,2022-03-28 16:15:18.530000,14736.15,14737.45,2022-03-28 19:15:18.673,14738.07,14739.22
252,2022-03-28 16:15:20.527000,14735.69,14736.99,2022-03-28 19:15:20.730,14737.82,14738.97
253,2022-03-28 16:15:22.387000,14735.96,14737.26,2022-03-28 19:15:22.733,14738.32,14739.47
254,2022-03-28 16:15:24.524000,14737.77,14739.07,2022-03-28 19:15:24.705,14740.07,14741.22
255,2022-03-28 16:15:26.530000,14738.09,14739.39,2022-03-28 19:15:26.855,14739.57,14740.72
256,2022-03-28 16:15:28.551000,14739.19,14740.49,2022-03-28 19:15:28.874,14741.57,14742.72
257,2022-03-28 16:15:30.554000,14740.71,14742.01,2022-03-28 19:15:30.894,14742.07,14743.22
258,2022-03-28 16:15:32.317000,14741.17,14742.47,2022-03-28 19:15:32.986,14744.57,14745.72
259,2022-03-28 16:15:35.022000,14742.59,14743.89,2022-03-28 19:15:35.094,14744.32,14745.47
260,2022-03-28 16:15:37.054000,14741.27,14742.57,2022-03-28 19:15:37.274,14743.32,14744.47
261,2022-03-28 16:15:39.035000,14740.21,14741.51,2022-03-28 19:15:39.483,14742.32,14743.47
262,2022-03-28 16:15:41.516000,14741.37,14742.67,2022-03-28 19:15:41.902,14742.82,14743.97
263,2022-03-28 16:15:43.549000,14741.12,14742.42,2022-03-28 19:15:43.974,14743.32,14744.47
264,2022-03-28 16:15:47.738000,14738.44,14739.74,2022-03-28 19:15:48.157,14740.07,14741.22
265,2022-03-28 16:15:49.240000,14737.85,14739.15,2022-03-28 19:15:50.258,14739.67,14740.82
266,2022-03-28 16:15:58.537000,14736.88,14738.18,2022-03-28 19:15:58.627,14738.92,14740.07
267,2022-03-28 16:16:00.545000,14737.4,14738.7,2022-03-28 19:16:00.985,14738.92,14740.07
268,2022-03-28 16:16:03.036000,14738.4,14739.7,2022-03-28 19:16:03.225,14740.17,14741.32
269,2022-03-28 16:16:04.964000,14737.52,14738.82,2022-03-28 19:16:05.234,14740.67,14741.82
270,2022-03-28 16:16:06.914000,14737.96,14739.26,2022-03-28 19:16:07.371,14739.92,14741.07
271,2022-03-28 16:16:09.053000,14737.52,14738.82,2022-03-28 19:16:09.344,14739.67,14740.82
272,2022-03-28 16:16:11.048000,14737.02,14738.32,2022-03-28 19:16:11.362,14738.92,14740.07
273,2022-03-28 16:16:15.471000,14734.02,14735.32,2022-03-28 19:16:15.665,14735.92,14737.07
274,2022-03-28 16:16:18.005000,14732.27,14733.57,2022-03-28 19:16:18.213,14733.92,14735.07
275,2022-03-28 16:16:20.933000,14731.52,14732.82,2022-03-28 19:16:21.315,14733.17,14734.32
276,2022-03-28 16:16:25.540000,14728.84,14730.14,2022-03-28 19:16:25.633,14730.42,14731.57
277,2022-03-28 16:16:27.548000,14725.2,14726.5,2022-03-28 19:16:27.812,14726.67,14727.82
278,2022-03-28 16:16:29.533000,14726.52,14727.82,2022-03-28 19:16:29.837,14728.92,14730.07
279,2022-03-28 16:16:31.551000,14727.86,14729.16,2022-03-28 19:16:31.859,14730.17,14731.32
280,2022-03-28 16:16:33.488000,14727.84,14729.14,2022-03-28 19:16:33.835,14729.42,14730.57
281,2022-03-28 16:16:36.045000,14727.85,14729.15,2022-03-28 19:16:36.336,14729.67,14730.82
282,2022-03-28 16:16:38.553000,14726.19,14727.49,2022-03-28 19:16:38.584,14727.92,14729.07
283,2022-03-28 16:16:40.516000,14727.57,14728.87,2022-03-28 19:16:40.698,14729.17,14730.32
284,2022-03-28 16:16:42.551000,14728.69,14729.99,2022-03-28 19:16:42.665,14730.42,14731.57
285,2022-03-28 16:16:44.551000,14728.46,14729.76,2022-03-28 19:16:44.871,14730.67,14731.82
286,2022-03-28 16:16:48.899000,14723.77,14725.07,2022-03-28 19:16:49.522,14726.17,14727.32
287,2022-03-28 16:16:53.880000,14723.15,14724.45,2022-03-28 19:16:54.579,14724.67,14725.82
288,2022-03-28 16:16:56.532000,14723.96,14725.26,2022-03-28 19:16:56.650,14725.67,14726.82
289,2022-03-28 16:17:00.547000,14728.52,14729.82,2022-03-28 19:17:00.976,14730.92,14732.07
290,2022-03-28 16:17:02.495000,14727.69,14728.99,2022-03-28 19:17:02.997,14729.92,14731.07
291,2022-03-28 16:17:04.470000,14729.19,14730.49,2022-03-28 19:17:05.014,14730.92,14732.07
292,2022-03-28 16:17:09.026000,14727.65,14728.95,2022-03-28 19:17:09.095,14729.42,14730.57
293,2022-03-28 16:17:11.015000,14727.77,14729.07,2022-03-28 19:17:11.321,14730.42,14731.57
294,2022-03-28 16:17:19.034000,14723.4,14724.7,2022-03-28 19:17:19.258,14725.17,14726.32
295,2022-03-28 16:17:26.555000,14715.27,14716.57,2022-03-28 19:17:26.646,14716.67,14717.82
296,2022-03-28 16:17:28.523000,14714.7,14716.0,2022-03-28 19:17:28.777,14716.17,14717.32
297,2022-03-28 16:17:30.518000,14713.27,14714.57,2022-03-28 19:17:30.951,14714.92,14716.07
298,2022-03-28 16:17:33.048000,14715.4,14716.7,2022-03-28 19:17:33.303,14717.17,14718.32
299,2022-03-28 16:17:39.942000,14711.09,14712.39,2022-03-28 19:17:40.363,14712.92,14714.07
300,2022-03-28 16:17:42.004000,14714.17,14715.47,2022-03-28 19:17:42.513,14716.17,14717.32
301,2022-03-28 16:17:44.428000,14714.77,14716.07,2022-03-28 19:17:44.796,14716.42,14717.57
302,2022-03-28 16:17:46.479000,14714.27,14715.57,2022-03-28 19:17:46.778,14716.42,14717.57
303,2022-03-28 16:17:50.539000,14715.7,14717.0,2022-03-28 19:17:50.793,14718.42,14719.57
304,2022-03-28 16:17:52.556000,14715.9,14717.2,2022-03-28 19:17:52.804,14717.42,14718.57
305,2022-03-28 16:17:56.366000,14717.27,14718.57,2022-03-28 19:17:56.814,14718.92,14720.07
306,2022-03-28 16:17:59.017000,14717.92,14719.22,2022-03-28 19:17:59.340,14719.42,14720.57
307,2022-03-28 16:18:01.548000,14719.9,14721.2,2022-03-28 19:18:01.637,14721.67,14722.82
308,2022-03-28 16:18:03.445000,14721.9,14723.2,2022-03-28 19:18:03.840,14723.42,14724.57
309,2022-03-28 16:18:05.490000,14720.85,14722.15,2022-03-28 19:18:06.062,14722.92,14724.07
310,2022-03-28 16:18:08.021000,14721.92,14723.22,2022-03-28 19:18:08.273,14723.67,14724.82
311,2022-03-28 16:18:11.805000,14716.87,14718.17,2022-03-28 19:18:12.489,14719.17,14720.32
312,2022-03-28 16:18:14.542000,14717.52,14718.82,2022-03-28 19:18:14.882,14719.17,14720.32
313,2022-03-28 16:18:19.048000,14717.17,14718.47,2022-03-28 19:18:19.239,14718.92,14720.07
314,2022-03-28 16:18:20.931000,14719.27,14720.57,2022-03-28 19:18:21.453,14720.67,14721.82
315,2022-03-28 16:18:22.841000,14718.46,14719.76,2022-03-28 19:18:23.554,14720.92,14722.07
316,2022-03-28 16:18:25.503000,14717.71,14719.01,2022-03-28 19:18:25.664,14719.67,14720.82
317,2022-03-28 16:18:27.503000,14717.62,14718.92,2022-03-28 19:18:27.802,14719.67,14720.82
318,2022-03-28 16:18:29.405000,14717.59,14718.89,2022-03-28 19:18:29.872,14720.17,14721.32
319,2022-03-28 16:18:31.997000,14717.27,14718.57,2022-03-28 19:18:32.294,14718.92,14720.07
320,2022-03-28 16:18:34.465000,14716.27,14717.57,2022-03-28 19:18:34.560,14717.92,14719.07
321,2022-03-28 16:18:36.397000,14716.77,14718.07,2022-03-28 19:18:36.612,14718.17,14719.32
322,2022-03-28 16:18:39.048000,14717.34,14718.64,2022-03-28 19:18:39.500,14718.92,14720.07
323,2022-03-28 16:18:43.554000,14714.12,14715.42,2022-03-28 19:18:43.685,14716.17,14717.32
324,2022-03-28 16:18:45.507000,14714.02,14715.32,2022-03-28 19:18:45.966,14715.67,14716.82
325,2022-03-28 16:18:54.539000,14712.21,14713.51,2022-03-28 19:18:54.739,14715.17,14716.32
326,2022-03-28 16:18:56.432000,14712.7,14714.0,2022-03-28 19:18:56.672,14714.42,14715.57
327,2022-03-28 16:18:58.515000,14711.42,14712.72,2022-03-28 19:18:58.589,14713.17,14714.32
328,2022-03-28 16:19:02.524000,14711.92,14713.22,2022-03-28 19:19:02.737,14713.67,14714.82
329,2022-03-28 16:19:04.548000,14710.69,14711.99,2022-03-28 19:19:04.895,14712.67,14713.82
330,2022-03-28 16:19:08.475000,14710.1,14711.4,2022-03-28 19:19:08.833,14711.92,14713.07
331,2022-03-28 16:19:13.001000,14708.61,14709.91,2022-03-28 19:19:13.209,14710.42,14711.57
332,2022-03-28 16:19:15.045000,14708.4,14709.7,2022-03-28 19:19:15.387,14709.92,14711.07
333,2022-03-28 16:19:17.539000,14707.27,14708.57,2022-03-28 19:19:17.824,14709.42,14710.57
334,2022-03-28 16:19:22.550000,14710.9,14712.2,2022-03-28 19:19:22.680,14712.27,14713.42
335,2022-03-28 16:19:24.239000,14711.22,14712.52,2022-03-28 19:19:24.864,14713.27,14714.42
336,2022-03-28 16:19:26.549000,14712.15,14713.45,2022-03-28 19:19:26.920,14714.52,14715.67
337,2022-03-28 16:19:28.547000,14713.62,14714.92,2022-03-28 19:19:28.980,14715.02,14716.17
338,2022-03-28 16:19:30.486000,14714.12,14715.42,2022-03-28 19:19:30.977,14715.52,14716.67
339,2022-03-28 16:19:33.028000,14715.65,14716.95,2022-03-28 19:19:33.257,14717.77,14718.92
340,2022-03-28 16:19:34.995000,14716.9,14718.2,2022-03-28 19:19:35.544,14718.27,14719.42
341,2022-03-28 16:19:41.518000,14715.95,14717.25,2022-03-28 19:19:42.022,14717.27,14718.42
342,2022-03-28 16:19:43.910000,14714.15,14715.45,2022-03-28 19:19:44.202,14715.52,14716.67
343,2022-03-28 16:19:45.963000,14714.44,14715.74,2022-03-28 19:19:46.334,14715.92,14717.07
344,2022-03-28 16:19:48.443000,14714.32,14715.62,2022-03-28 19:19:48.694,14715.92,14717.07
345,2022-03-28 16:19:50.526000,14715.65,14716.95,2022-03-28 19:19:50.997,14717.57,14718.72
346,2022-03-28 16:19:53.028000,14716.65,14717.95,2022-03-28 19:19:53.344,14718.32,14719.47
347,2022-03-28 16:19:55.025000,14717.12,14718.42,2022-03-28 19:19:55.467,14718.57,14719.72
348,2022-03-28 16:19:57.524000,14715.17,14716.47,2022-03-28 19:19:57.659,14717.32,14718.47
349,2022-03-28 16:19:59.535000,14716.71,14718.01,2022-03-28 19:19:59.739,14718.82,14719.97
350,2022-03-28 16:20:01.404000,14717.87,14719.17,2022-03-28 19:20:01.831,14722.07,14723.22
351,2022-03-28 16:20:03.204000,14718.84,14720.14,2022-03-28 19:20:03.959,14720.57,14721.72
352,2022-03-28 16:20:05.545000,14720.15,14721.45,2022-03-28 19:20:06.010,14722.32,14723.47
353,2022-03-28 16:20:07.514000,14721.31,14722.61,2022-03-28 19:20:07.928,14723.07,14724.22
354,2022-03-28 16:20:09.958000,14720.81,14722.11,2022-03-28 19:20:10.264,14723.07,14724.22
355,2022-03-28 16:20:12.042000,14721.65,14722.95,2022-03-28 19:20:12.493,14723.32,14724.47
356,2022-03-28 16:20:13.914000,14722.19,14723.49,2022-03-28 19:20:14.438,14724.07,14725.22
357,2022-03-28 16:20:15.905000,14721.9,14723.2,2022-03-28 19:20:16.498,14723.82,14724.97
358,2022-03-28 16:20:18.039000,14722.02,14723.32,2022-03-28 19:20:18.527,14724.07,14725.22
359,2022-03-28 16:20:19.968000,14723.71,14725.01,2022-03-28 19:20:20.503,14725.57,14726.72
360,2022-03-28 16:20:22.391000,14724.77,14726.07,2022-03-28 19:20:22.652,14726.57,14727.72
361,2022-03-28 16:20:27.010000,14719.77,14721.07,2022-03-28 19:20:27.370,14722.32,14723.47
362,2022-03-28 16:20:29.532000,14722.36,14723.66,2022-03-28 19:20:29.597,14724.32,14725.47
363,2022-03-28 16:20:31.498000,14722.02,14723.32,2022-03-28 19:20:31.863,14724.32,14725.47
364,2022-03-28 16:20:34.050000,14723.45,14724.75,2022-03-28 19:20:34.089,14725.32,14726.47
365,2022-03-28 16:20:37.050000,14726.38,14727.68,2022-03-28 19:20:37.223,14728.57,14729.72
366,2022-03-28 16:20:41.526000,14725.42,14726.72,2022-03-28 19:20:41.647,14726.82,14727.97
367,2022-03-28 16:20:48.525000,14726.42,14727.72,2022-03-28 19:20:48.923,14728.57,14729.72
368,2022-03-28 16:20:51.034000,14728.37,14729.67,2022-03-28 19:20:51.586,14729.82,14730.97
369,2022-03-28 16:20:53.553000,14727.27,14728.57,2022-03-28 19:20:53.829,14729.07,14730.22
370,2022-03-28 16:20:56.032000,14728.35,14729.65,2022-03-28 19:20:56.274,14730.07,14731.22
371,2022-03-28 16:20:58.406000,14728.21,14729.51,2022-03-28 19:20:58.690,14730.07,14731.22
372,2022-03-28 16:21:00.520000,14728.4,14729.7,2022-03-28 19:21:01.038,14730.17,14731.32
373,2022-03-28 16:21:03.532000,14730.86,14732.16,2022-03-28 19:21:03.670,14732.67,14733.82
374,2022-03-28 16:21:05.520000,14730.62,14731.92,2022-03-28 19:21:05.674,14732.42,14733.57
375,2022-03-28 16:21:09.540000,14731.35,14732.65,2022-03-28 19:21:09.927,14733.67,14734.82
376,2022-03-28 16:21:11.814000,14730.67,14731.97,2022-03-28 19:21:12.200,14732.17,14733.32
377,2022-03-28 16:21:14.030000,14730.4,14731.7,2022-03-28 19:21:14.262,14732.92,14734.07
378,2022-03-28 16:21:16.496000,14731.27,14732.57,2022-03-28 19:21:17.022,14733.67,14734.82
379,2022-03-28 16:21:18.990000,14732.02,14733.32,2022-03-28 19:21:19.261,14733.42,14734.57
380,2022-03-28 16:21:21.036000,14732.94,14734.24,2022-03-28 19:21:21.577,14735.67,14736.82
381,2022-03-28 16:21:23.011000,14736.77,14738.07,2022-03-28 19:21:23.656,14738.67,14739.82
382,2022-03-28 16:21:25.555000,14738.6,14739.9,2022-03-28 19:21:25.884,14741.17,14742.32
383,2022-03-28 16:21:27.530000,14739.67,14740.97,2022-03-28 19:21:27.929,14741.92,14743.07
384,2022-03-28 16:21:40.520000,14732.27,14733.57,2022-03-28 19:21:40.665,14733.92,14735.07
385,2022-03-28 16:21:42.440000,14732.77,14734.07,2022-03-28 19:21:42.660,14734.67,14735.82
386,2022-03-28 16:21:44.487000,14731.77,14733.07,2022-03-28 19:21:44.819,14734.17,14735.32
387,2022-03-28 16:21:46.365000,14734.02,14735.32,2022-03-28 19:21:46.621,14735.42,14736.57
388,2022-03-28 16:21:50.400000,14733.15,14734.45,2022-03-28 19:21:50.672,14734.67,14735.82
389,2022-03-28 16:21:52.527000,14733.97,14735.27,2022-03-28 19:21:52.989,14735.42,14736.57
390,2022-03-28 16:21:54.433000,14731.92,14733.22,2022-03-28 19:21:55.086,14733.92,14735.07
391,2022-03-28 16:21:57.033000,14732.81,14734.11,2022-03-28 19:21:57.437,14734.67,14735.82
392,2022-03-28 16:22:00.020000,14733.87,14735.17,2022-03-28 19:22:00.210,14735.92,14737.07
393,2022-03-28 16:22:01.755000,14734.21,14735.51,2022-03-28 19:22:02.448,14735.92,14737.07
394,2022-03-28 16:22:04.013000,14731.84,14733.14,2022-03-28 19:22:04.513,14733.67,14734.82
395,2022-03-28 16:22:06.014000,14732.65,14733.95,2022-03-28 19:22:06.483,14734.67,14735.82
396,2022-03-28 16:22:08.456000,14734.9,14736.2,2022-03-28 19:22:08.565,14736.82,14737.97
397,2022-03-28 16:22:10.167000,14734.92,14736.22,2022-03-28 19:22:10.766,14738.07,14739.22
398,2022-03-28 16:22:12.459000,14736.15,14737.45,2022-03-28 19:22:12.931,14737.67,14738.82
399,2022-03-28 16:22:16.478000,14739.17,14740.47,2022-03-28 19:22:16.955,14741.17,14742.32
400,2022-03-28 16:22:18.490000,14738.4,14739.7,2022-03-28 19:22:18.996,14740.17,14741.32
401,2022-03-28 16:22:20.983000,14738.67,14739.97,2022-03-28 19:22:21.234,14740.42,14741.57
402,2022-03-28 16:22:23.029000,14739.15,14740.45,2022-03-28 19:22:23.497,14740.67,14741.82
403,2022-03-28 16:22:24.927000,14739.69,14740.99,2022-03-28 19:22:25.493,14742.42,14743.57
404,2022-03-28 16:22:27.484000,14740.95,14742.25,2022-03-28 19:22:27.622,14742.42,14743.57
405,2022-03-28 16:22:29.552000,14740.19,14741.49,2022-03-28 19:22:29.644,14741.92,14743.07
406,2022-03-28 16:22:31.515000,14739.96,14741.26,2022-03-28 19:22:31.600,14741.92,14743.07
407,2022-03-28 16:22:36.972000,14739.84,14741.14,2022-03-28 19:22:37.170,14741.67,14742.82
408,2022-03-28 16:22:39.048000,14740.92,14742.22,2022-03-28 19:22:39.309,14742.92,14744.07
409,2022-03-28 16:22:41.027000,14740.27,14741.57,2022-03-28 19:22:41.491,14742.17,14743.32
410,2022-03-28 16:22:46.053000,14741.65,14742.95,2022-03-28 19:22:46.127,14743.32,14744.47
411,2022-03-28 16:22:47.803000,14742.59,14743.89,2022-03-28 19:22:48.368,14744.57,14745.72
412,2022-03-28 16:22:49.983000,14743.09,14744.39,2022-03-28 19:22:50.375,14744.82,14745.97
413,2022-03-28 16:22:52.044000,14743.15,14744.45,2022-03-28 19:22:52.515,14744.82,14745.97
414,2022-03-28 16:22:54.542000,14742.37,14743.67,2022-03-28 19:22:54.632,14744.32,14745.47
415,2022-03-28 16:22:56.286000,14741.55,14742.85,2022-03-28 19:22:56.835,14743.32,14744.47
416,2022-03-28 16:22:58.348000,14741.02,14742.32,2022-03-28 19:22:58.841,14743.32,14744.47
417,2022-03-28 16:23:00.411000,14742.57,14743.87,2022-03-28 19:23:00.788,14746.82,14747.97
418,2022-03-28 16:23:02.374000,14743.15,14744.45,2022-03-28 19:23:02.818,14745.42,14746.57
419,2022-03-28 16:23:04.541000,14744.87,14746.17,2022-03-28 19:23:04.885,14746.67,14747.82
420,2022-03-28 16:23:06.219000,14745.15,14746.45,2022-03-28 19:23:06.808,14746.67,14747.82
421,2022-03-28 16:23:08.514000,14745.27,14746.57,2022-03-28 19:23:08.884,14746.67,14747.82
422,2022-03-28 16:23:10.974000,14744.9,14746.2,2022-03-28 19:23:11.227,14746.67,14747.82
423,2022-03-28 16:23:13.013000,14744.34,14745.64,2022-03-28 19:23:13.302,14746.17,14747.32
424,2022-03-28 16:23:16.903000,14743.36,14744.66,2022-03-28 19:23:17.203,14744.92,14746.07
425,2022-03-28 16:23:19.036000,14741.59,14742.89,2022-03-28 19:23:19.210,14743.92,14745.07
426,2022-03-28 16:23:20.943000,14744.77,14746.07,2022-03-28 19:23:21.206,14746.42,14747.57
427,2022-03-28 16:23:23.005000,14745.19,14746.49,2022-03-28 19:23:23.137,14746.67,14747.82
428,2022-03-28 16:23:25.026000,14745.17,14746.47,2022-03-28 19:23:25.452,14747.67,14748.82
429,2022-03-28 16:23:26.947000,14744.92,14746.22,2022-03-28 19:23:27.523,14746.67,14747.82
430,2022-03-28 16:23:29.552000,14746.52,14747.82,2022-03-28 19:23:29.610,14748.17,14749.32
431,2022-03-28 16:23:31.527000,14746.36,14747.66,2022-03-28 19:23:31.774,14747.92,14749.07
432,2022-03-28 16:23:33.456000,14746.15,14747.45,2022-03-28 19:23:33.813,14747.77,14748.92
433,2022-03-28 16:23:36.388000,14743.94,14745.24,2022-03-28 19:23:36.637,14745.27,14746.42
434,2022-03-28 16:23:44.544000,14744.86,14746.16,2022-03-28 19:23:44.646,14746.52,14747.67
435,2022-03-28 16:23:48.375000,14744.94,14746.24,2022-03-28 19:23:48.792,14746.52,14747.67
436,2022-03-28 16:23:50.553000,14746.62,14747.92,2022-03-28 19:23:50.862,14748.02,14749.17
437,2022-03-28 16:23:53.013000,14745.94,14747.24,2022-03-28 19:23:53.344,14747.27,14748.42
438,2022-03-28 16:23:54.919000,14746.61,14747.91,2022-03-28 19:23:55.274,14748.02,14749.17
439,2022-03-28 16:23:59.510000,14746.42,14747.72,2022-03-28 19:23:59.813,14747.77,14748.92
440,2022-03-28 16:24:05.556000,14744.12,14745.42,2022-03-28 19:24:05.837,14745.67,14746.82
441,2022-03-28 16:24:07.319000,14744.52,14745.82,2022-03-28 19:24:07.960,14746.92,14748.07
442,2022-03-28 16:24:10.034000,14747.31,14748.61,2022-03-28 19:24:10.465,14750.17,14751.32
443,2022-03-28 16:24:12.911000,14752.02,14753.32,2022-03-28 19:24:13.212,14753.42,14754.57
444,2022-03-28 16:24:15.546000,14750.96,14752.26,2022-03-28 19:24:15.668,14752.92,14754.07
445,2022-03-28 16:24:17.414000,14750.62,14751.92,2022-03-28 19:24:17.853,14752.17,14753.32
446,2022-03-28 16:24:20.028000,14747.4,14748.7,2022-03-28 19:24:20.439,14749.17,14750.32
447,2022-03-28 16:24:22.479000,14746.27,14747.57,2022-03-28 19:24:22.867,14747.92,14749.07
448,2022-03-28 16:24:26.993000,14746.71,14748.01,2022-03-28 19:24:27.562,14748.92,14750.07
449,2022-03-28 16:24:29.541000,14746.27,14747.57,2022-03-28 19:24:29.801,14747.67,14748.82
450,2022-03-28 16:24:32.037000,14744.88,14746.18,2022-03-28 19:24:32.272,14746.67,14747.82
451,2022-03-28 16:24:34.495000,14746.09,14747.39,2022-03-28 19:24:34.547,14747.67,14748.82
452,2022-03-28 16:24:36.486000,14746.69,14747.99,2022-03-28 19:24:36.903,14748.17,14749.32
453,2022-03-28 16:24:39.020000,14745.9,14747.2,2022-03-28 19:24:39.304,14747.92,14749.07
454,2022-03-28 16:24:40.966000,14746.02,14747.32,2022-03-28 19:24:41.487,14747.42,14748.57
455,2022-03-28 16:24:45.479000,14747.27,14748.57,2022-03-28 19:24:45.773,14748.92,14750.07
456,2022-03-28 16:24:47.138000,14746.72,14748.02,2022-03-28 19:24:47.818,14748.42,14749.57
457,2022-03-28 16:24:49.476000,14746.67,14747.97,2022-03-28 19:24:49.930,14748.17,14749.32
458,2022-03-28 16:24:51.512000,14745.11,14746.41,2022-03-28 19:24:52.020,14747.17,14748.32
459,2022-03-28 16:24:53.547000,14745.82,14747.12,2022-03-28 19:24:53.956,14747.67,14748.82
460,2022-03-28 16:24:55.763000,14745.65,14746.95,2022-03-28 19:24:56.447,14747.42,14748.57
461,2022-03-28 16:24:58.526000,14744.92,14746.22,2022-03-28 19:24:58.699,14746.67,14747.82
462,2022-03-28 16:25:03.054000,14741.12,14742.42,2022-03-28 19:25:03.271,14742.77,14743.92
463,2022-03-28 16:25:05.049000,14741.96,14743.26,2022-03-28 19:25:05.264,14743.52,14744.67
464,2022-03-28 16:25:07.053000,14741.02,14742.32,2022-03-28 19:25:07.259,14743.27,14744.42
465,2022-03-28 16:25:08.978000,14741.37,14742.67,2022-03-28 19:25:09.215,14742.77,14743.92
466,2022-03-28 16:25:15.480000,14743.65,14744.95,2022-03-28 19:25:15.808,14745.27,14746.42
467,2022-03-28 16:25:19.481000,14745.57,14746.87,2022-03-28 19:25:19.886,14747.27,14748.42
468,2022-03-28 16:25:23.986000,14745.94,14747.24,2022-03-28 19:25:24.220,14747.52,14748.67
469,2022-03-28 16:25:28.052000,14747.9,14749.2,2022-03-28 19:25:28.257,14750.02,14751.17
470,2022-03-28 16:25:30.052000,14747.97,14749.27,2022-03-28 19:25:30.237,14749.52,14750.67
471,2022-03-28 16:25:36.555000,14750.06,14751.36,2022-03-28 19:25:36.999,14751.77,14752.92
472,2022-03-28 16:25:49.535000,14748.17,14749.47,2022-03-28 19:25:49.737,14749.67,14750.82
473,2022-03-28 16:25:51.273000,14748.61,14749.91,2022-03-28 19:25:51.339,14749.92,14751.07
474,2022-03-28 16:25:53.485000,14749.37,14750.67,2022-03-28 19:25:53.773,14750.92,14752.07
475,2022-03-28 16:25:59.554000,14751.44,14752.74,2022-03-28 19:25:59.704,14752.92,14754.07
476,2022-03-28 16:26:26.532000,14744.12,14745.42,2022-03-28 19:26:26.929,14745.67,14746.82
477,2022-03-28 16:26:29.044000,14743.52,14744.82,2022-03-28 19:26:29.198,14744.92,14746.07
478,2022-03-28 16:26:32.970000,14746.27,14747.57,2022-03-28 19:26:33.510,14747.67,14748.82
479,2022-03-28 16:26:35.169000,14745.62,14746.92,2022-03-28 19:26:35.695,14747.17,14748.32
480,2022-03-28 16:26:46.019000,14742.65,14743.95,2022-03-28 19:26:46.683,14744.42,14745.57
481,2022-03-28 16:26:48.523000,14743.4,14744.7,2022-03-28 19:26:48.708,14744.92,14746.07
482,2022-03-28 16:26:50.460000,14743.71,14745.01,2022-03-28 19:26:50.672,14745.17,14746.32
483,2022-03-28 16:26:52.419000,14744.36,14745.66,2022-03-28 19:26:52.791,14745.92,14747.07
484,2022-03-28 16:26:58.522000,14740.15,14741.45,2022-03-28 19:26:58.852,14742.67,14743.82
485,2022-03-28 16:27:02.553000,14741.02,14742.32,2022-03-28 19:27:02.992,14743.67,14744.82
486,2022-03-28 16:27:24.531000,14736.27,14737.57,2022-03-28 19:27:24.826,14737.92,14739.07
487,2022-03-28 16:27:44.410000,14734.02,14735.32,2022-03-28 19:27:44.780,14735.42,14736.57
488,2022-03-28 16:27:49.428000,14733.47,14734.77,2022-03-28 19:27:49.924,14735.17,14736.32
489,2022-03-28 16:27:57.834000,14732.95,14734.25,2022-03-28 19:27:58.420,14734.92,14736.07
490,2022-03-28 16:28:08.339000,14732.46,14733.76,2022-03-28 19:28:08.813,14733.92,14735.07
491,2022-03-28 16:28:10.542000,14730.27,14731.57,2022-03-28 19:28:10.855,14732.67,14733.82
492,2022-03-28 16:28:12.532000,14733.97,14735.27,2022-03-28 19:28:13.006,14736.17,14737.32
493,2022-03-28 16:28:29.997000,14734.67,14735.97,2022-03-28 19:28:30.567,14736.42,14737.57
494,2022-03-28 16:28:34.527000,14734.71,14736.01,2022-03-28 19:28:34.747,14736.17,14737.32
495,2022-03-28 16:28:36.493000,14740.27,14741.57,2022-03-28 19:28:36.804,14741.67,14742.82
496,2022-03-28 16:28:47.297000,14734.42,14735.72,2022-03-28 19:28:47.793,14735.92,14737.07
497,2022-03-28 16:28:54.531000,14731.77,14733.07,2022-03-28 19:28:54.716,14733.17,14734.32
498,2022-03-28 16:29:05.538000,14730.09,14731.39,2022-03-28 19:29:05.623,14731.67,14732.82
499,2022-03-28 16:29:13.553000,14734.69,14735.99,2022-03-28 19:29:13.998,14736.42,14737.57
500,2022-03-28 16:29:15.871000,14734.96,14736.26,2022-03-28 19:29:16.209,14736.42,14737.57
501,2022-03-28 16:29:18.366000,14734.07,14735.37,2022-03-28 19:29:18.824,14735.42,14736.57
502,2022-03-28 16:29:28.930000,14734.42,14735.72,2022-03-28 19:29:29.074,14735.92,14737.07
503,2022-03-28 16:29:33.512000,14732.21,14733.51,2022-03-28 19:29:33.569,14733.92,14735.07
504,2022-03-28 16:29:35.476000,14732.84,14734.14,2022-03-28 19:29:35.661,14734.17,14735.32
505,2022-03-28 16:29:38.935000,14734.11,14735.41,2022-03-28 19:29:39.819,14735.42,14736.57
506,2022-03-28 16:29:42.041000,14732.47,14733.77,2022-03-28 19:29:42.119,14733.92,14735.07
507,2022-03-28 16:29:43.504000,14732.86,14734.16,2022-03-28 19:29:44.397,14735.67,14736.82
508,2022-03-28 16:29:46.888000,14733.9,14735.2,2022-03-28 19:29:47.290,14735.92,14737.07
509,2022-03-28 16:29:50.919000,14735.67,14736.97,2022-03-28 19:29:51.295,14737.17,14738.32
510,2022-03-28 16:29:56.968000,14734.65,14735.95,2022-03-28 19:29:57.344,14736.67,14737.82
511,2022-03-28 16:30:03.555000,14729.57,14730.87,2022-03-28 19:30:03.799,14730.92,14732.07
512,2022-03-28 16:30:05.424000,14729.65,14730.95,2022-03-28 19:30:05.911,14731.17,14732.32
513,2022-03-28 16:30:07.942000,14731.65,14732.95,2022-03-28 19:30:08.324,14733.82,14734.97
514,2022-03-28 16:30:18.973000,14739.15,14740.45,2022-03-28 19:30:19.519,14741.02,14742.17
515,2022-03-28 16:30:21.385000,14739.02,14740.32,2022-03-28 19:30:21.727,14740.67,14741.82
516,2022-03-28 16:30:24.037000,14744.02,14745.32,2022-03-28 19:30:24.363,14746.67,14747.82
517,2022-03-28 16:30:29.038000,14747.06,14748.36,2022-03-28 19:30:29.336,14748.42,14749.57
518,2022-03-28 16:30:31.545000,14746.97,14748.27,2022-03-28 19:30:31.649,14748.42,14749.57
519,2022-03-28 16:30:47.551000,14748.57,14749.87,2022-03-28 19:30:47.705,14750.07,14751.22
520,2022-03-28 16:30:50.013000,14749.52,14750.82,2022-03-28 19:30:50.183,14750.92,14752.07
521,2022-03-28 16:31:05.485000,14751.65,14752.95,2022-03-28 19:31:05.654,14753.17,14754.32
522,2022-03-28 16:31:07.477000,14749.42,14750.72,2022-03-28 19:31:07.575,14750.92,14752.07
523,2022-03-28 16:31:16.528000,14754.34,14755.64,2022-03-28 19:31:16.650,14755.67,14756.82
524,2022-03-28 16:31:24.962000,14754.12,14755.42,2022-03-28 19:31:25.429,14755.82,14756.97
525,2022-03-28 16:31:27.009000,14754.02,14755.32,2022-03-28 19:31:27.545,14755.57,14756.72
526,2022-03-28 16:31:31.533000,14753.77,14755.07,2022-03-28 19:31:31.856,14755.57,14756.72
527,2022-03-28 16:31:33.482000,14755.77,14757.07,2022-03-28 19:31:33.961,14758.07,14759.22
528,2022-03-28 16:31:41.947000,14757.6,14758.9,2022-03-28 19:31:42.304,14759.17,14760.32
529,2022-03-28 16:31:47.549000,14756.4,14757.7,2022-03-28 19:31:47.872,14758.32,14759.47
530,2022-03-28 16:31:53.497000,14754.9,14756.2,2022-03-28 19:31:53.884,14756.32,14757.47
531,2022-03-28 16:31:56.024000,14754.2,14755.5,2022-03-28 19:31:56.471,14755.57,14756.72
532,2022-03-28 16:31:58.535000,14754.02,14755.32,2022-03-28 19:31:59.014,14755.42,14756.57
533,2022-03-28 16:32:06.914000,14751.09,14752.39,2022-03-28 19:32:07.311,14752.42,14753.57
534,2022-03-28 16:32:15.518000,14751.09,14752.39,2022-03-28 19:32:16.040,14752.42,14753.57
535,2022-03-28 16:32:24.030000,14755.09,14756.39,2022-03-28 19:32:24.359,14756.42,14757.57
536,2022-03-28 16:32:49.529000,14755.02,14756.32,2022-03-28 19:32:49.983,14756.42,14757.57
537,2022-03-28 16:32:54.041000,14749.75,14751.05,2022-03-28 19:32:54.493,14751.67,14752.82
538,2022-03-28 16:32:56.493000,14749.44,14750.74,2022-03-28 19:32:56.677,14750.92,14752.07
539,2022-03-28 16:32:58.509000,14748.94,14750.24,2022-03-28 19:32:58.719,14750.42,14751.57
540,2022-03-28 16:33:07.021000,14747.15,14748.45,2022-03-28 19:33:07.458,14748.92,14750.07
541,2022-03-28 16:33:09.523000,14747.7,14749.0,2022-03-28 19:33:09.721,14749.17,14750.32
542,2022-03-28 16:33:11.548000,14748.32,14749.62,2022-03-28 19:33:11.725,14750.17,14751.32
543,2022-03-28 16:33:13.554000,14750.22,14751.52,2022-03-28 19:33:13.906,14751.67,14752.82
544,2022-03-28 16:33:15.555000,14751.27,14752.57,2022-03-28 19:33:15.995,14753.17,14754.32
545,2022-03-28 16:33:18.054000,14751.94,14753.24,2022-03-28 19:33:18.226,14753.42,14754.57
546,2022-03-28 16:33:44.967000,14753.96,14755.26,2022-03-28 19:33:45.552,14755.67,14756.82
547,2022-03-28 16:33:47.471000,14755.37,14756.67,2022-03-28 19:33:47.672,14756.92,14758.07
548,2022-03-28 16:33:55.462000,14749.69,14750.99,2022-03-28 19:33:55.954,14751.92,14753.07
549,2022-03-28 16:33:59.556000,14749.37,14750.67,2022-03-28 19:33:59.886,14751.42,14752.57
550,2022-03-28 16:34:07.945000,14746.82,14748.12,2022-03-28 19:34:08.335,14748.17,14749.32
551,2022-03-28 16:34:11.963000,14747.4,14748.7,2022-03-28 19:34:12.295,14748.92,14750.07
552,2022-03-28 16:34:18.018000,14746.36,14747.66,2022-03-28 19:34:18.537,14748.17,14749.32
553,2022-03-28 16:34:22.530000,14744.9,14746.2,2022-03-28 19:34:22.800,14746.42,14747.57
554,2022-03-28 16:34:24.223000,14745.27,14746.57,2022-03-28 19:34:24.838,14747.42,14748.57
555,2022-03-28 16:34:35.023000,14745.07,14746.37,2022-03-28 19:34:35.565,14747.42,14748.57
556,2022-03-28 16:34:39.963000,14749.96,14751.26,2022-03-28 19:34:40.362,14752.42,14753.57
557,2022-03-28 16:34:41.915000,14751.96,14753.26,2022-03-28 19:34:42.475,14755.17,14756.32
558,2022-03-28 16:34:50.538000,14753.65,14754.95,2022-03-28 19:34:50.885,14756.42,14757.57
559,2022-03-28 16:34:54.522000,14756.27,14757.57,2022-03-28 19:34:54.897,14757.92,14759.07
560,2022-03-28 16:35:01.004000,14758.9,14760.2,2022-03-28 19:35:01.233,14760.92,14762.07
561,2022-03-28 16:35:07.327000,14759.36,14760.66,2022-03-28 19:35:08.067,14761.17,14762.32
562,2022-03-28 16:35:11.990000,14756.69,14757.99,2022-03-28 19:35:12.667,14760.17,14761.32
563,2022-03-28 16:35:14.535000,14757.11,14758.41,2022-03-28 19:35:14.813,14758.42,14759.57
564,2022-03-28 16:35:20.008000,14754.96,14756.26,2022-03-28 19:35:20.458,14756.42,14757.57
565,2022-03-28 16:35:22.524000,14754.77,14756.07,2022-03-28 19:35:23.008,14756.17,14757.32
566,2022-03-28 16:35:25.011000,14754.84,14756.14,2022-03-28 19:35:25.407,14757.92,14759.07
567,2022-03-28 16:35:30.979000,14758.36,14759.66,2022-03-28 19:35:31.199,14761.17,14762.32
568,2022-03-28 16:35:39.548000,14757.37,14758.67,2022-03-28 19:35:39.939,14758.92,14760.07
569,2022-03-28 16:35:41.989000,14758.65,14759.95,2022-03-28 19:35:42.335,14760.17,14761.32
570,2022-03-28 16:36:05.027000,14761.4,14762.7,2022-03-28 19:36:05.297,14762.92,14764.07
571,2022-03-28 16:36:10.988000,14760.6,14761.9,2022-03-28 19:36:11.283,14761.92,14763.07
572,2022-03-28 16:36:24.429000,14757.27,14758.57,2022-03-28 19:36:24.640,14759.17,14760.32
573,2022-03-28 16:36:31.475000,14757.52,14758.82,2022-03-28 19:36:31.762,14758.92,14760.07
574,2022-03-28 16:36:39,14755.46,14756.76,2022-03-28 19:36:39.206,14756.92,14758.07
575,2022-03-28 16:36:47.505000,14753.6,14754.9,2022-03-28 19:36:47.901,14755.42,14756.57
576,2022-03-28 16:36:56.009000,14756.02,14757.32,2022-03-28 19:36:56.275,14757.42,14758.57
577,2022-03-28 16:36:57.949000,14754.19,14755.49,2022-03-28 19:36:58.550,14755.67,14756.82
578,2022-03-28 16:37:00.982000,14753.67,14754.97,2022-03-28 19:37:01.154,14755.42,14756.57
579,2022-03-28 16:37:21.490000,14753.85,14755.15,2022-03-28 19:37:21.924,14755.67,14756.82
580,2022-03-28 16:37:24.037000,14754.17,14755.47,2022-03-28 19:37:24.183,14755.92,14757.07
581,2022-03-28 16:37:40.550000,14752.71,14754.01,2022-03-28 19:37:40.687,14754.42,14755.57
582,2022-03-28 16:37:43.009000,14756.1,14757.4,2022-03-28 19:37:43.219,14757.42,14758.57
583,2022-03-28 16:37:48.525000,14755.62,14756.92,2022-03-28 19:37:48.654,14757.17,14758.32
584,2022-03-28 16:38:08.543000,14750.27,14751.57,2022-03-28 19:38:08.752,14751.67,14752.82
585,2022-03-28 16:38:15.380000,14752.34,14753.64,2022-03-28 19:38:15.904,14753.92,14755.07
586,2022-03-28 16:38:19.539000,14751.65,14752.95,2022-03-28 19:38:19.944,14753.17,14754.32
587,2022-03-28 16:38:21.535000,14752.46,14753.76,2022-03-28 19:38:21.862,14753.92,14755.07
588,2022-03-28 16:38:23.483000,14753.15,14754.45,2022-03-28 19:38:23.970,14754.67,14755.82
589,2022-03-28 16:38:25.987000,14753.21,14754.51,2022-03-28 19:38:26.420,14757.42,14758.57
590,2022-03-28 16:38:41.454000,14760.52,14761.82,2022-03-28 19:38:41.658,14761.92,14763.07
591,2022-03-28 16:38:45.499000,14760.07,14761.37,2022-03-28 19:38:46.110,14761.92,14763.07
592,2022-03-28 16:38:54.483000,14759.4,14760.7,2022-03-28 19:38:54.620,14760.92,14762.07
593,2022-03-28 16:38:58.345000,14757.02,14758.32,2022-03-28 19:38:58.728,14758.42,14759.57
594,2022-03-28 16:39:03.054000,14757.07,14758.37,2022-03-28 19:39:03.491,14758.42,14759.57
595,2022-03-28 16:39:30.374000,14760.72,14762.02,2022-03-28 19:39:30.872,14762.52,14763.67
596,2022-03-28 16:39:34.455000,14760.52,14761.82,2022-03-28 19:39:35.011,14763.77,14764.92
597,2022-03-28 16:39:48.499000,14762.69,14763.99,2022-03-28 19:39:48.700,14764.27,14765.42
598,2022-03-28 16:39:52.389000,14764.71,14766.01,2022-03-28 19:39:53.010,14766.02,14767.17
599,2022-03-28 16:40:00.964000,14764.52,14765.82,2022-03-28 19:40:01.302,14766.17,14767.32
600,2022-03-28 16:40:09.031000,14765.27,14766.57,2022-03-28 19:40:09.378,14767.42,14768.57
601,2022-03-28 16:40:17.055000,14765.77,14767.07,2022-03-28 19:40:17.433,14767.32,14768.47
602,2022-03-28 16:40:21.039000,14764.57,14765.87,2022-03-28 19:40:21.611,14766.82,14767.97
603,2022-03-28 16:40:23.336000,14765.52,14766.82,2022-03-28 19:40:23.787,14767.07,14768.22
604,2022-03-28 16:40:34.055000,14761.17,14762.47,2022-03-28 19:40:34.417,14762.67,14763.82
605,2022-03-28 16:40:36.029000,14761.52,14762.82,2022-03-28 19:40:36.373,14763.67,14764.82
606,2022-03-28 16:40:42.975000,14763.4,14764.7,2022-03-28 19:40:43.348,14764.92,14766.07
607,2022-03-28 16:41:01.625000,14761.35,14762.65,2022-03-28 19:41:02.500,14764.67,14765.82
608,2022-03-28 16:41:21.551000,14758.21,14759.51,2022-03-28 19:41:21.675,14759.67,14760.82
609,2022-03-28 16:41:23.473000,14757.77,14759.07,2022-03-28 19:41:23.954,14759.42,14760.57
610,2022-03-28 16:41:40.546000,14758.44,14759.74,2022-03-28 19:41:40.870,14760.67,14761.82
611,2022-03-28 16:41:42.155000,14757.96,14759.26,2022-03-28 19:41:42.960,14760.17,14761.32
612,2022-03-28 16:41:50.962000,14758.77,14760.07,2022-03-28 19:41:51.606,14760.92,14762.07
613,2022-03-28 16:42:22.552000,14765.02,14766.32,2022-03-28 19:42:22.974,14766.67,14767.82
614,2022-03-28 16:42:37.523000,14763.6,14764.9,2022-03-28 19:42:37.970,14765.92,14767.07
615,2022-03-28 16:42:39.528000,14765.52,14766.82,2022-03-28 19:42:39.861,14766.92,14768.07
616,2022-03-28 16:42:43.798000,14765.02,14766.32,2022-03-28 19:42:44.246,14766.67,14767.82
617,2022-03-28 16:42:48.474000,14766.4,14767.7,2022-03-28 19:42:48.777,14769.67,14770.82
618,2022-03-28 16:42:55.008000,14768.38,14769.68,2022-03-28 19:42:55.209,14769.92,14771.07
619,2022-03-28 16:43:05.476000,14763.9,14765.2,2022-03-28 19:43:05.908,14765.42,14766.57
620,2022-03-28 16:43:14.985000,14765.69,14766.99,2022-03-28 19:43:15.404,14767.17,14768.32
621,2022-03-28 16:43:28.051000,14761.61,14762.91,2022-03-28 19:43:28.524,14763.17,14764.32
622,2022-03-28 16:43:33.506000,14761.11,14762.41,2022-03-28 19:43:33.664,14762.92,14764.07
623,2022-03-28 16:43:37.426000,14761.36,14762.66,2022-03-28 19:43:37.453,14762.92,14764.07
624,2022-03-28 16:43:41.458000,14760.37,14761.67,2022-03-28 19:43:41.958,14761.92,14763.07
625,2022-03-28 16:43:43.554000,14760.46,14761.76,2022-03-28 19:43:44.003,14762.17,14763.32
626,2022-03-28 16:43:53.827000,14759.71,14761.01,2022-03-28 19:43:54.462,14761.17,14762.32
627,2022-03-28 16:43:58.510000,14767.42,14768.72,2022-03-28 19:43:58.846,14768.92,14770.07
628,2022-03-28 16:44:00.498000,14767.97,14769.27,2022-03-28 19:44:01.034,14770.42,14771.57
629,2022-03-28 16:44:03.026000,14768.77,14770.07,2022-03-28 19:44:03.271,14770.17,14771.32
630,2022-03-28 16:44:05.552000,14769.6,14770.9,2022-03-28 19:44:05.892,14771.67,14772.82
631,2022-03-28 16:44:25.002000,14768.37,14769.67,2022-03-28 19:44:25.439,14769.92,14771.07
632,2022-03-28 16:44:28.005000,14771.88,14773.18,2022-03-28 19:44:28.421,14773.27,14774.42
633,2022-03-28 16:44:33.900000,14775.87,14777.17,2022-03-28 19:44:34.563,14778.02,14779.17
634,2022-03-28 16:44:37.054000,14776.62,14777.92,2022-03-28 19:44:37.209,14778.02,14779.17
635,2022-03-28 16:44:48.556000,14772.59,14773.89,2022-03-28 19:44:48.879,14774.52,14775.67
636,2022-03-28 16:45:03.981000,14764.96,14766.26,2022-03-28 19:45:04.453,14766.27,14767.42
637,2022-03-28 16:45:33.050000,14763.46,14764.76,2022-03-28 19:45:33.498,14764.77,14765.92
638,2022-03-28 16:45:45.984000,14764.82,14766.12,2022-03-28 19:45:46.324,14766.17,14767.32
639,2022-03-28 16:45:50.422000,14765.12,14766.42,2022-03-28 19:45:50.760,14766.92,14768.07
640,2022-03-28 16:46:01.472000,14761.11,14762.41,2022-03-28 19:46:01.697,14762.42,14763.57
641,2022-03-28 16:46:03.320000,14760.19,14761.49,2022-03-28 19:46:03.910,14762.67,14763.82
642,2022-03-28 16:46:12.384000,14761.27,14762.57,2022-03-28 19:46:12.656,14762.67,14763.82
643,2022-03-28 16:46:18.470000,14760.19,14761.49,2022-03-28 19:46:19.044,14761.67,14762.82
644,2022-03-28 16:46:23.050000,14760.96,14762.26,2022-03-28 19:46:23.543,14762.42,14763.57
645,2022-03-28 16:46:29.437000,14760.19,14761.49,2022-03-28 19:46:29.751,14761.92,14763.07
646,2022-03-28 16:46:34.115000,14762.77,14764.07,2022-03-28 19:46:34.583,14764.17,14765.32
647,2022-03-28 16:46:36.466000,14764.44,14765.74,2022-03-28 19:46:36.946,14767.92,14769.07
648,2022-03-28 16:46:45.052000,14765.37,14766.67,2022-03-28 19:46:45.339,14766.92,14768.07
649,2022-03-28 16:46:54.553000,14759.9,14761.2,2022-03-28 19:46:54.773,14761.42,14762.57
650,2022-03-28 16:47:03.497000,14758.27,14759.57,2022-03-28 19:47:03.615,14759.67,14760.82
651,2022-03-28 16:47:06.545000,14758.21,14759.51,2022-03-28 19:47:06.582,14759.67,14760.82
652,2022-03-28 16:47:21.002000,14755.46,14756.76,2022-03-28 19:47:21.233,14756.77,14757.92
653,2022-03-28 16:47:43.394000,14757.9,14759.2,2022-03-28 19:47:43.698,14759.32,14760.47
654,2022-03-28 16:47:46.435000,14758.27,14759.57,2022-03-28 19:47:46.974,14759.82,14760.97
655,2022-03-28 16:47:49.485000,14756.15,14757.45,2022-03-28 19:47:50.014,14757.82,14758.97
656,2022-03-28 16:48:10.839000,14762.02,14763.32,2022-03-28 19:48:11.871,14763.42,14764.57
657,2022-03-28 16:48:24.485000,14755.67,14756.97,2022-03-28 19:48:24.785,14757.17,14758.32
658,2022-03-28 16:48:28.923000,14755.44,14756.74,2022-03-28 19:48:29.639,14757.17,14758.32
659,2022-03-28 16:48:40.052000,14754.77,14756.07,2022-03-28 19:48:40.274,14756.17,14757.32
660,2022-03-28 16:48:43.991000,14755.08,14756.38,2022-03-28 19:48:44.253,14756.42,14757.57
661,2022-03-28 16:48:46.054000,14754.92,14756.22,2022-03-28 19:48:46.384,14756.42,14757.57
662,2022-03-28 16:48:47.923000,14755.9,14757.2,2022-03-28 19:48:48.161,14757.92,14759.07
663,2022-03-28 16:48:50.053000,14757.37,14758.67,2022-03-28 19:48:50.458,14758.92,14760.07
664,2022-03-28 16:48:58.484000,14758.63,14759.93,2022-03-28 19:48:59.023,14760.17,14761.32
665,2022-03-28 16:49:00.474000,14759.27,14760.57,2022-03-28 19:49:01.088,14763.17,14764.32
666,2022-03-28 16:49:21.244000,14761.77,14763.07,2022-03-28 19:49:22.007,14763.42,14764.57
667,2022-03-28 16:49:27.952000,14764.34,14765.64,2022-03-28 19:49:28.595,14766.92,14768.07
668,2022-03-28 16:49:32.384000,14766.34,14767.64,2022-03-28 19:49:32.883,14768.17,14769.32
669,2022-03-28 16:49:54.829000,14766.34,14767.64,2022-03-28 19:49:55.387,14767.92,14769.07
670,2022-03-28 16:49:59.506000,14765.71,14767.01,2022-03-28 19:49:59.625,14767.17,14768.32
671,2022-03-28 16:50:14.037000,14770.6,14771.9,2022-03-28 19:50:14.370,14771.92,14773.07
672,2022-03-28 16:50:16.055000,14774.42,14775.72,2022-03-28 19:50:16.478,14775.92,14777.07
673,2022-03-28 16:50:26.534000,14769.44,14770.74,2022-03-28 19:50:27.084,14771.67,14772.82
674,2022-03-28 16:50:29.348000,14770.27,14771.57,2022-03-28 19:50:29.625,14771.67,14772.82
675,2022-03-28 16:50:35.027000,14772.47,14773.77,2022-03-28 19:50:35.354,14774.17,14775.32
676,2022-03-28 16:50:41.488000,14771.35,14772.65,2022-03-28 19:50:41.674,14772.67,14773.82
677,2022-03-28 16:50:47.048000,14770.27,14771.57,2022-03-28 19:50:47.177,14771.92,14773.07
678,2022-03-28 16:50:49.517000,14771.02,14772.32,2022-03-28 19:50:49.896,14773.17,14774.32
679,2022-03-28 16:50:53.866000,14772.52,14773.82,2022-03-28 19:50:54.560,14773.92,14775.07
680,2022-03-28 16:50:56.955000,14772.02,14773.32,2022-03-28 19:50:57.546,14774.42,14775.57
681,2022-03-28 16:51:05.990000,14775.17,14776.47,2022-03-28 19:51:06.537,14777.42,14778.57
682,2022-03-28 16:51:21.358000,14775.52,14776.82,2022-03-28 19:51:21.776,14777.17,14778.32
683,2022-03-28 16:51:38.553000,14780.58,14781.88,2022-03-28 19:51:38.806,14782.17,14783.32
684,2022-03-28 16:51:42.046000,14777.92,14779.22,2022-03-28 19:51:43.084,14779.32,14780.47
685,2022-03-28 16:51:47.501000,14779.52,14780.82,2022-03-28 19:51:47.678,14781.07,14782.22
686,2022-03-28 16:51:50.455000,14778.45,14779.75,2022-03-28 19:51:50.767,14780.32,14781.47
687,2022-03-28 16:51:56.533000,14775.99,14777.29,2022-03-28 19:51:56.937,14777.42,14778.57
688,2022-03-28 16:52:00.045000,14775.27,14776.57,2022-03-28 19:52:00.262,14776.67,14777.82
689,2022-03-28 16:52:06.022000,14777.57,14778.87,2022-03-28 19:52:06.381,14780.17,14781.32
690,2022-03-28 16:52:26.544000,14779.31,14780.61,2022-03-28 19:52:26.879,14781.17,14782.32
691,2022-03-28 16:52:40.404000,14781.86,14783.16,2022-03-28 19:52:41.085,14783.17,14784.32
692,2022-03-28 16:52:49.054000,14779.95,14781.25,2022-03-28 19:52:49.273,14781.42,14782.57
693,2022-03-28 16:52:59.508000,14782.07,14783.37,2022-03-28 19:52:59.826,14783.42,14784.57
694,2022-03-28 16:53:01.879000,14782.27,14783.57,2022-03-28 19:53:02.311,14783.67,14784.82
695,2022-03-28 16:53:10.033000,14777.65,14778.95,2022-03-28 19:53:10.228,14779.17,14780.32
696,2022-03-28 16:53:21.556000,14779.42,14780.72,2022-03-28 19:53:21.660,14780.92,14782.07
697,2022-03-28 16:53:27.956000,14781.17,14782.47,2022-03-28 19:53:28.356,14782.67,14783.82
698,2022-03-28 16:53:39.852000,14783.32,14784.62,2022-03-28 19:53:40.524,14784.92,14786.07
699,2022-03-28 16:53:44.030000,14785.61,14786.91,2022-03-28 19:53:44.360,14786.92,14788.07
700,2022-03-28 16:53:51.555000,14781.67,14782.97,2022-03-28 19:53:51.825,14783.67,14784.82
701,2022-03-28 16:53:58.981000,14781.96,14783.26,2022-03-28 19:53:59.272,14783.57,14784.72
702,2022-03-28 16:54:01.486000,14781.92,14783.22,2022-03-28 19:54:01.563,14783.57,14784.72
703,2022-03-28 16:54:31.007000,14783.77,14785.07,2022-03-28 19:54:31.947,14787.42,14788.57
704,2022-03-28 16:54:43.252000,14783.4,14784.7,2022-03-28 19:54:44.042,14784.77,14785.92
705,2022-03-28 16:55:21.033000,14792.32,14793.62,2022-03-28 19:55:21.220,14793.67,14794.82
706,2022-03-28 16:55:36.550000,14792.65,14793.95,2022-03-28 19:55:36.802,14794.17,14795.32
707,2022-03-28 16:55:38.981000,14792.35,14793.65,2022-03-28 19:55:39.318,14795.32,14796.47
708,2022-03-28 16:55:41.986000,14792.52,14793.82,2022-03-28 19:55:42.326,14794.07,14795.22
709,2022-03-28 16:55:44.469000,14793.4,14794.7,2022-03-28 19:55:44.964,14794.82,14795.97
710,2022-03-28 16:55:46.957000,14793.12,14794.42,2022-03-28 19:55:47.298,14794.82,14795.97
711,2022-03-28 16:55:50.040000,14793.12,14794.42,2022-03-28 19:55:50.276,14794.57,14795.72
712,2022-03-28 16:55:56.505000,14793.4,14794.7,2022-03-28 19:55:56.912,14795.07,14796.22
713,2022-03-28 16:56:01.362000,14794.65,14795.95,2022-03-28 19:56:01.824,14796.07,14797.22
714,2022-03-28 16:56:04.544000,14793.69,14794.99,2022-03-28 19:56:04.790,14795.07,14796.22
715,2022-03-28 16:56:19.953000,14792.96,14794.26,2022-03-28 19:56:20.175,14794.42,14795.57
716,2022-03-28 16:56:40.527000,14789.15,14790.45,2022-03-28 19:56:40.965,14790.67,14791.82
717,2022-03-28 16:56:42.942000,14787.7,14789.0,2022-03-28 19:56:43.448,14789.17,14790.32
718,2022-03-28 16:56:45.323000,14787.77,14789.07,2022-03-28 19:56:46.035,14789.17,14790.32
719,2022-03-28 16:56:51.015000,14788.92,14790.22,2022-03-28 19:56:51.363,14790.67,14791.82
720,2022-03-28 16:57:00.045000,14790.77,14792.07,2022-03-28 19:57:02.077,14792.67,14793.82
721,2022-03-28 16:57:41.424000,14790.02,14791.32,2022-03-28 19:57:41.863,14793.27,14794.42
722,2022-03-28 16:57:47.997000,14792.17,14793.47,2022-03-28 19:57:48.099,14793.52,14794.67
723,2022-03-28 16:57:54.535000,14791.2,14792.5,2022-03-28 19:57:54.820,14792.52,14793.67
724,2022-03-28 16:58:05.501000,14793.61,14794.91,2022-03-28 19:58:05.849,14794.92,14796.07
725,2022-03-28 16:58:14.493000,14790.96,14792.26,2022-03-28 19:58:15.011,14792.42,14793.57
726,2022-03-28 16:58:20.825000,14790.81,14792.11,2022-03-28 19:58:21.327,14792.17,14793.32
727,2022-03-28 16:58:25.047000,14791.1,14792.4,2022-03-28 19:58:25.414,14792.42,14793.57
728,2022-03-28 16:58:27.054000,14790.59,14791.89,2022-03-28 19:58:27.418,14791.92,14793.07
